3142 5138
1233 485 1272 544 15

153 673 309 732 „suppone
332 657 387 716 che
410 658 418 715 i
438 660 577 732 flammea
600 639 725 733 semoti
756 658 865 719 turono
888 658 971 719 elstti
998 676 1054 735 per
1076 676 1234 735 suanno,
1256 676 1272 716 e

152 758 216 834 che,
236 759 395 818 terminato
418 766 532 834 questo,
555 761 579 819 ei
602 760 812 837 chiamassero,
832 759 960 820 iacendo
982 764 1068 837 parte
1091 761 1138 820 del
1161 761 1272 836 tempio

153 877 236 918 come
259 861 407 920 sacerdoti
440 864 526 938 quasi
546 863 665 922 inattivi
694 860 887 938 (altpriester)
916 864 1055 936 flamines
1076 863 1227 937 perpetui
1255 881 1271 922 e

153 980 381 1038 componesscro
406 983 445 1024 uu
462 964 606 1041 collegio:
628 983 707 1040 nega
728 966 839 1030 inoltrs
861 965 910 1025 del
932 969 1011 1026 tutto
1032 963 1203 1025 l'esistenna
1223 965 1272 1024 dei

151 1064 262 1124 flamini
284 1067 419 1143 annuali,
450 1085 466 1125 e
489 1068 596 1126 ritiene
625 1067 633 1126 i
656 1067 769 1128 flamini
798 1085 887 1129 senaa
917 1068 1058 1143 aggiunte
1080 1066 1203 1128 identici
1226 1067 1272 1126 coi

152 1167 262 1227 flamini
291 1161 454 1245 perpetui.“
496 1169 696 1245 Nequaquam
717 1170 809 1246 igitur
830 1175 917 1245 putat
939 1169 1102 1230 flaminales
1125 1187 1157 1230 re
1179 1169 1273 1229 fuisse

152 1270 359 1344 aydaminibus
380 1272 534 1347 perpetuis
557 1271 691 1333 diversos
718 1273 761 1335 ita
783 1275 815 1332 ut
835 1272 966 1332 flamonii
995 1272 1123 1332 honores
1151 1273 1272 1333 omnino
1307 1273 1310 1281 '

140 1379 212 1432 'non
236 1373 400 1433 retinerent
422 1392 520 1450 neque
542 1373 580 1434 ad
603 1374 761 1451 collegium
789 1373 862 1434 illud
885 1375 1036 1435 flaminum
1059 1380 1272 1452 perpetuorum

152 1476 345 1549 pertinerent.
387 1476 465 1535 Tum
488 1477 567 1536 enim
590 1479 673 1538 sorte
693 1495 754 1536 uon
776 1481 878 1538 esseut
899 1477 1094 1553 comparandi
1116 1494 1182 1537 cum
1198 1478 1273 1538 sevi·

153 1578 202 1637 ris.
247 1580 339 1639 Immo
368 1580 433 1641 vult
462 1584 608 1656 auosque
636 1581 716 1639 inter
747 1596 780 1639 se
813 1578 877 1639 sere
910 1599 971 1641 non
1000 1580 1187 1656 discrepasse
1218 1580 1273 1640 nisi

78 1699 80 1702 ’
154 1683 289 1754 nomine3
320 1682 457 1741 nimirum
490 1702 597 1743 nomen
619 1683 746 1743 flaminis
768 1683 907 1758 perpetui
929 1684 1026 1742 visum
1047 1700 1113 1742 esse
1136 1681 1273 1743 honorifi-

72 1807 74 1810 ·
154 1782 308 1856 centius.¹)
351 1787 414 1846 Iam
437 1785 563 1847 eandem
594 1784 844 1845 necessitudinem
867 1785 955 1844 etiam
977 1784 1086 1844 seviris
1116 1785 1177 1852 (vel
1199 1786 1273 1845 sevi-

154 1887 280 1957 ralibus)
312 1908 378 1947 cum
401 1889 507 1948 seviris
529 1888 684 1966 perpetuis
706 1888 920 1965 intercessisse,
942 1890 976 1946 ut
997 1887 1089 1963 igitur
1110 1887 1150 1963 hi,
1172 1904 1274 1964 quam-

156 1992 202 2050 vis
235 1992 353 2050 nomine
385 1991 577 2050 honoratiore
608 1994 778 2064 uterentur,
814 1995 913 2050 tamen
943 2007 977 2049 re
1007 2008 1067 2050 non
1090 1993 1191 2049 essent
1218 1989 1275 2076 nisi

153 2095 240 2170 primi
261 2095 340 2153 inter
361 2111 507 2170 pares-
530 2092 600 2152 huie
615 2093 779 2153 sententiae
795 2090 933 2167 equidem
948 2091 1038 2168 plane
1054 2089 1275 2160 adsenserim.²)

154 2197 194 2256 At
222 2201 317 2256 restat
345 2196 538 2259 nihilominus
567 2194 793 2272 explicandum,
822 2193 902 2254 unde
933 2190 1075 2266 mirum³l
1112 2194 1200 2253 huius
1231 2194 1273 2252 rei
1291 2200 1385 2247 Restat
1394 2197 1460 2245 diffi-

156 2318 262 2360 nomen
278 2300 421 2375 originem
437 2299 568 2358 traxerit.
606 2298 672 2371 Quo
696 2298 761 2357 loeo
785 2301 985 2374 opportunum
1008 2297 1087 2356 duco
1108 2297 1139 2356 in
1154 2295 1271 2371 discep-
1330 2266 1420 2314 cultas.

157 2403 300 2462 tationem
332 2402 481 2461 adducere
510 2401 583 2463 alias
614 2400 689 2459 duas
713 2399 921 2475 difficultates,
957 2417 1045 2476 quas,
1081 2399 1151 2459 licet
1179 2399 1275 2474 primo

157 2505 261 2564 obtutu
285 2505 322 2563 ab
344 2504 401 2562 hac
419 2504 600 2580 quaestione
622 2503 783 2562 videantur
804 2502 930 2578 alienae,
950 2507 1048 2562 tamen
1072 2520 1140 2561 mox
1163 2501 1274 2576 perspi·
1321 2576 1323 2579 .

155 2607 265 2665 olemus
288 2626 348 2665 una
363 2624 437 2666 eum
459 2606 510 2664 illa
532 2610 623 2686 atque
646 2605 752 2665 eodem
776 2603 863 2663 modo
886 2621 953 2663 esse
975 2603 1144 2663 solvendas.

686 2784 745 2852 §a

145 2878 171 2916 't
399 2855 502 2943 Sexu't‘r
521 2849 741 2958 etsnapus'talia
756 2885 848 2940 altera
867 2885 1032 2959 difficillus.

239 2983 372 3058 Primum
394 2999 525 3059 enimin
548 2988 591 3057 eis
613 2986 797 3076 potissimum
821 2995 1001 3073 regionibus,
1024 2995 1075 3057 ubi
1094 2969 1276 3072 ¹Augustales

44 3176 46 3180 λ
156 3085 339 3178 simpliciter,
352 3100 425 3185 dicti
445 3101 621 3176 ceteroquin
649 3099 845 3158 inveniuntur
867 3098 958 3176 nulli,
982 3080 1081 3179 ¹saepe
1099 3081 1275 3163 ¹commemo-

155 3193 260 3262 rantur
289 3202 435 3262 serviri
467 3207 503 3262 et
538 3196 588 3262 vel
619 3202 738 3263 eidem
766 3202 1008 3278 Augustales.
1052 3200 1160 3276 Neque
1188 3199 1275 3259 modo

132 3360 135 3366 .
156 3308 234 3363 totus
251 3305 324 3364 ordo
349 3307 391 3364 ita
413 3304 610 3382 significatur,
630 3304 749 3364 scilicet
769 3307 802 3362 ut
825 3305 938 3362 saviros
961 3303 1121 3378 iungentes
1136 3301 1277 3360 crederes

156 3424 221 3465 cum
245 3406 354 3497 iunctis
382 3407 608 3485 comprehendi,
630 3437 671 3444 -
693 3407 723 3464 id
746 3406 827 3483 quod
858 3405 931 3466 nihil
961 3405 1086 3464 haberet
1108 3393 1276 3465 admiratio-

156 3509 217 3586 nis,
239 3510 292 3569 sed
315 3511 404 3572 etiam
427 3509 553 3593 singulis
575 3508 743 3568 hominibus
772 3508 829 3567 hcc
859 3527 967 3567 nomen
996 3507 1147 3567 tribuitur.
1191 3506 1277 3565 Iuvat

156 3602 293 3688 exempla
315 3598 542 3691 componere⁴lt
621 3657 626 3664 .
715 3608 718 3613 ’

208 3786 209 3791 ’
243 3776 263 3840 ¹)
281 3774 356 3828 Haec
373 3780 418 3827 est
435 3773 517 3827 etiam
530 3772 630 3841 opinio
648 3770 818 3826 Hirschfeldl
835 3771 852 3824 l.
864 3771 882 3825 l.
890 3788 922 3840 p.
936 3776 975 3825 55.

240 3862 264 3925 ²)
283 3858 480 3917 Verumtamen
503 3857 671 3912 monendum
694 3863 747 3923 eat,
770 3863 802 3911 ut
826 3856 950 3910 flamines
967 3855 1098 3926 perpetui
1116 3856 1277 3924 saepissime

105 3941 107 3944 ⁴
157 3943 232 3998 obvii
251 3946 315 4010 sint,
333 3945 374 3998 ita
392 3944 500 3998 seviros
519 3948 672 4012 perpetuos
690 3943 829 3997 rarissime
847 3942 1063 3997 commemorari.

241 4031 262 4095 ³)
281 4029 350 4083 Nam
375 4035 451 4084 uerte
475 4027 608 4087 mbemus
627 4028 704 4104 quod
722 4027 863 4095 miremur,
881 4044 942 4082 oum
961 4034 1111 4096 utrumque
1128 4042 1217 4096 genus
1236 4041 1276 4079 re-

157 4129 222 4169 vera
240 4129 327 4182 aeque
346 4115 403 4169 sint
421 4113 556 4182 perpetui,
577 4129 662 4169 unum
680 4118 787 4169 tautum
806 4113 912 4168 serires
930 4120 1082 4183 perpetuos
1100 4112 1243 4166 nominari.
1302 4112 1308 4132 ¹
1350 4172 1353 4179 ⁴

239 4202 263 4266 ⁴)
281 4199 318 4254 Ut
340 4200 379 4254 ita
402 4200 500 4253 titulos
520 4198 665 4267 graviores
697 4195 825 4268 quamvis
850 4192 933 4266 quam
956 4197 1073 4251 maxime
1091 4198 1192 4252 liceret
1213 4211 1277 4249 eon-

156 4290 261 4339 tractos
280 4285 517 4351 transscriberem‚
542 4283 670 4352 exemplo
694 4283 867 4349 llommsent,
889 4282 965 4350 quod
988 4281 1067 4336 dedit
1089 4281 1119 4334 in
1143 4296 1276 4335 commen-

112 4395 135 4424 ·,
158 4360 261 4424 tatione
289 4370 323 4423 de
348 4369 554 4438 apparitoribus
578 4369 647 4422 olim·
666 4368 752 4435 edita,
776 4367 873 4436 (rhein.
896 4383 966 4421 mus.
990 4366 1038 4420 VI.
1063 4371 1128 4420 1848
1149 4383 1177 4435 p.
1196 4372 1217 4420 31
1227 4370 1279 4433 ss.)

161 4453 300 4509 adductus
318 4470 387 4509 sum.
