3142 5138
1213 508 1254 568 59

133 684 172 744 ad
194 684 426 761 impugnandam
449 680 545 759 legem
569 685 768 761 principalem
796 684 834 743 de
857 685 988 743 sevirum
1020 686 1099 742 statu
1130 683 1254 742 anobis

134 788 284 846 iuventam
315 787 384 844 hinc
417 790 595 862 argumenta
624 787 719 863 repeti
753 791 915 862 noqueunt.
958 787 1034 845 Nam
1056 789 1116 845 tam
1139 804 1254 863 paucae

134 889 396 966 exceptiunculae,
430 889 455 947 si
483 906 560 964 qnae
584 888 712 966 fuerint,
745 893 851 948 contra
879 888 1139 948 innumerabilium
1171 888 1253 946 testi-

134 992 300 1064 moniorum
322 1007 499 1051 consensum
515 991 595 1069 ,nihil
617 994 751 1067 possunt

658 1187 674 1257 ξ
694 1190 733 1242 18.

135 1289 206 1343 Num
224 1289 305 1343 etium
322 1290 514 1360 posteriorum
540 1291 740 1359 imperatorum
759 1289 860 1344 cultum
878 1288 963 1343 secui
981 1289 1051 1360 Aup.
1070 1289 1253 1358 susceperint.

217 1401 390 1466 Proximum
414 1404 475 1476 est,
510 1403 541 1459 ut
570 1404 749 1477 quaeratur,
780 1400 1018 1476 posterioremue
1041 1400 1253 1476 imperatorum

134 1502 231 1561 cultus
254 1503 359 1561 seviris
382 1502 597 1577 Augustalibus
620 1502 708 1561 simul
730 1501 927 1561 demandatus
949 1503 1005 1577 sit,
1035 1520 1074 1560 an
1096 1502 1126 1560 in
1150 1519 1253 1561 eorum

136 1604 279 1688 honorem
309 1605 424 1682 proprii
454 1604 542 1665 scviri
574 1607 695 1680 praeter
718 1605 899 1680 Augustales
928 1604 987 1663 sint
1008 1604 1142 1664 instituti.
1187 1603 1253 1676 Qua
1296 1605 1415 1690 Prioruni

134 1706 170 1766 de
193 1725 227 1765 re
243 1707 399 1783 Zumptius
410 1703 432 1778 ¹)
456 1707 575 1782 quidem
597 1707 742 1766 sodalium
757 1706 966 1784 Augustalium
988 1707 1169 1765 urbanorum
1195 1723 1249 1764 usu
1277 1689 1426 1729 sententiae.

136 1813 305 1886 comparato
328 1811 370 1868 ita
392 1809 530 1867 iudicium
553 1808 676 1885 fecerat,
699 1813 731 1867 ut
755 1827 814 1867 nou
837 1809 932 1867 solum
948 1826 1033 1867 saera
1048 1809 1139 1867 tutius
1155 1807 1253 1884 gentis

133 1911 225 1970 Iuliae
248 1910 430 1987 Augustales
461 1911 700 1986 administrasse,
732 1909 786 1970 sed
816 1911 902 1970 etiam
937 1914 1105 1969 ceterorum
1126 1912 1251 1984 impera·

132 2016 228 2072 torum
252 2014 364 2071 cultum
388 2012 498 2072 eisdem
522 2030 612 2072 curae
635 2012 729 2072 fuisse
752 2012 873 2072 diceret
916 2013 1022 2090 Itaque
1038 2013 1089 2088 qui
1109 2030 1252 2072 vocaren-
1368 2012 1375 2026 ⁴

132 2119 181 2174 tur
201 2116 316 2173 seuoiri
341 2114 512 2176 Cloaodioles
534 2116 583 2173 vel
605 2115 788 2188 nopastoles
814 2113 987 2172 Claudioles
1018 2118 1071 2174 aut
1092 2115 1253 2189 Fluvioles,

132 2235 235 2277 omnes
265 2216 384 2276 eosdem
415 2234 481 2276 esse
513 2218 635 2276 seviros.
681 2217 793 2277 Contra
822 2216 986 2275 Henzeuus
997 2213 1038 2294 ²),
1075 2195 1144 2275 licet
1173 2215 1252 2274 illius

132 2319 309 2380 sententiam
331 2338 390 2378 uon
414 2337 538 2396 prorsus
559 2319 744 2396 reprobaret,
767 2325 864 2377 tamen
887 2319 917 2377 in
935 2318 1146 2394 compluribus
1169 2317 1252 2392 oppi-

133 2419 340 2498 disseparata
370 2421 494 2497 collegia
524 2422 554 2479 in
585 2422 728 2483 honorem
752 2419 884 2498 Claudii,
907 2420 1096 2497 Flauiorum,
1126 2419 1252 2478 aliorum

133 2523 300 2582 constitisse
323 2523 484 2583 contendit.
528 2523 612 2596 Quae
636 2523 755 2598 quidem
787 2523 861 2582 ratic
885 2517 1101 2592 Mommseno³l
1132 2538 1252 2597 quoque

133 2627 225 2701 magis
248 2626 366 2686 videtur
390 2625 546 2703 placuisse.
591 2625 840 2685 lamhiehabes
864 2625 1059 2701 documenta,
1089 2623 1252 2700 inquibus
1332 2639 1336 2645 ·

57 2739 59 2743 ’
133 2728 238 2787 nititur
261 2729 483 2788 controversiae
506 2726 692 2786 diiudicatio:

177 2834 203 2888 1.
225 2827 410 2901 ..[Stlani]c
433 2829 579 2906 Polyclito
604 2828 632 2903 [.
648 2873 655 2888 .
670 2830 733 2899 sex]
756 2828 812 2888 uir.
1262 2835 1445 2901 Exemplorum

1292 2919 1418 2953 recensus.

175 3036 202 3092 2.
225 3077 254 3093 ..
271 3034 306 3107 Q.
321 3035 459 3094 Tuticani
477 3034 511 3107 Q.
539 3033 661 3092 .Erotis
676 3051 821 3109 gramma·

238 3134 288 3194 tici
305 3136 404 3195 Latini
414 3135 518 3195 Vlvir.
534 3135 577 3196 01.
593 3154 703 3195 cruam.
720 3135 822 3194 decur.

241 3239 386 3298 honorato
409 3239 508 3298 Veron
512 3280 823 3296 .......
903 3235 938 3312 V,
954 3237 1045 3294 3433.
1105 3251 1250 3310 Veronae,

176 3343 202 3396 3.
225 3383 254 3398 ..
271 3339 302 3399 d.
311 3340 459 3399 Veronius
468 3340 583 3416 Carpus
591 3340 632 3399 Vl
639 3340 694 3398 vir.
705 3338 747 3399 Ol.
758 3339 823 3396 insi.
903 3336 938 3414 V,
955 3339 1047 3397 3438.

119 3522 123 3529 .
175 3445 203 3503 4.
224 3440 429 3503 LAuiilienus
452 3441 668 3512 [Ablascantus
680 3441 722 3500 Vl
734 3440 780 3498 vir
792 3439 821 3498 11

239 3543 608 3618 QmQ..'
611 3583 823 3601 .....
903 3541 1046 3616 mm

328 3628 331 3636 ¹
893 3641 1035 3714 (Arione)

175 3749 202 3806 5.
225 3792 231 3806 .
247 3790 254 3805 .
270 3747 304 3805 Τ.
320 3745 439 3806 Sextius
454 3746 616 3806 Basiliscus
630 3746 708 3819 Aug.
720 3745 824 3807 Claud.
905 3746 939 3821 V,
955 3747 1046 3805 7493.
1077 3762 1145 3820 opp.
1172 3743 1228 3802 inc.

1096 3840 1228 3916 (Ohieri).

175 3954 201 4011 6.
224 3952 262 4009 M.
285 3950 408 4010 Clodius
435 3951 473 4009 Μ.
497 3950 536 4020 [1.]
560 3949 688 4011 Sabinus
713 3951 751 4008 VI
773 3949 820 4008 vir

237 4051 385 4113 Claudiai.
457 4096 464 4111 .
507 4094 515 4110 .
558 4095 566 4110 .
609 4093 617 4108 .
660 4095 667 4110 .
711 4094 718 4110 .
762 4093 769 4111 .
812 4052 918 4109 .Mur.
933 4053 1001 4126 191,
1017 4051 1045 4110 5.
1125 4065 1221 4124 30110.

87 4197 89 4203 ·
175 4157 201 4213 7.
224 4153 304 4227 ..Q
319 4155 472 4215 Poblicius
484 4153 670 4214 Modestinus
692 4153 771 4212 sevir
791 4155 821 4211 et
1131 4166 1207 4226 niae,

237 4255 341 4316 Claud.
404 4297 412 4314 .
455 4297 463 4314 .
505 4298 513 4314 .
556 4295 563 4312 .
607 4298 614 4314 .
657 4298 665 4313 .
709 4297 716 4313 .
759 4297 767 4312 .
809 4295 817 4312 .
887 4251 1044 4313 Ontoee.

217 4470 238 4535 ¹)
255 4483 282 4534 p.
295 4471 416 4521 33-37.
451 4471 475 4536 2)
492 4484 519 4536 p.
539 4470 584 4520 291
597 4483 619 4521 s.
653 4464 729 4534 ³)ss.
750 4466 783 4534 V,
801 4463 889 4534 praei.
907 4465 943 4518 ad
964 4465 1006 4518 tit.
1024 4463 1130 4519 Laudis
1147 4463 1246 4531 Pomp.
