3142 5138
1164 490 1171 503 '
1193 506 1253 568 ras

132 685 251 743 constat
273 683 417 742 Narbone
440 700 573 741 normam
596 680 778 740 immutatam
802 699 879 757 esse,
892 687 934 741 ¹ut
955 681 1085 742 libertini
1108 672 1163 740 soli
1178 681 1253 739 sevi·

131 792 229 845 ratum
253 786 451 859 susciperent.
495 782 572 843 Nam'
599 784 629 843 in
662 784 757 843 titulis
786 783 885 843 adhue
916 784 975 843 illio
1005 784 1132 860 repertis
1163 783 1254 842 seviri

130 889 254 964 ingenui
286 892 444 964 praeterea
473 887 549 947 nulli
581 887 783 966 inveniuntur.
828 889 938 947 Verum
968 891 1067 946 tamen
1097 886 1172 947 haee
1204 904 1254 945 res
1308 964 1313 969 ι

133 1011 192 1051 non
216 991 347 1067 impedit,
369 991 442 1066 quin
465 1007 520 1049 sex
542 988 609 1048 illos
632 1007 703 1048 arae
717 989 926 1049 Narbonensis
947 988 1121 1048 sacerdotes
1142 990 1253 1067 primos

132 1096 248 1154 seviros
269 1093 452 1168 Augustales
474 1102 547 1152 vere
569 1109 634 1151 esse
657 1090 823 1160 credamus

216 1197 257 1255 At
284 1195 409 1255 fortasse
441 1195 588 1270 quispiam
623 1194 763 1270 miretur,
798 1194 880 1269 quod
902 1194 1116 1255 Narbonenses
1140 1195 1254 1256 eouieei

133 1301 220 1358 buius
242 1298 369 1357 instituti
393 1298 562 1374 exemplum
584 1297 622 1356 ab
646 1297 704 1356 alia
727 1296 799 1356 urbe
816 1298 999 1374 repetivisse.
1044 1297 1153 1357 Nonne
1175 1297 1254 1356 enim
1351 1339 1354 1347 2

132 1403 300 1477 Herzogius
323 1401 465 1460 Narbone
487 1402 650 1460 seviratnm
679 1404 776 1459 ortum
807 1407 838 1459 et
858 1400 928 1460 inde
955 1401 985 1459 in
1016 1405 1117 1459 eetera
1139 1399 1254 1460 Galliae

133 1505 292 1579 municipia
323 1508 500 1580 eeterasque
530 1504 703 1577 proviueias
735 1507 933 1579 propagatum
972 1521 1038 1562 esse
1071 1503 1254 1580 probabilius

134 1604 294 1678 doeuiti¹l
316 1606 430 1665 Tamen
454 1623 528 1665 eave
551 1605 658 1664 eredas
681 1622 725 1663 me
748 1606 969 1666 inconsiderate
984 1607 1067 1665 illam
1082 1607 1254 1683 opinionem

125 1710 333 1786 proposuisse.
382 1711 474 1767 Immo
504 1709 571 1767 iure
603 1708 674 1766 mibi
705 1708 811 1767 videor
840 1713 973 1768 statuere
1001 1727 1052 1768 eas
1084 1710 1255 1784 provincias

134 1813 181 1872 vel
204 1814 343 1888 regiones
366 1812 452 1887 quasi
474 1812 624 1871 seviratus
648 1828 741 1870 cunas
763 1827 838 1887 esse,
861 1812 890 1870 in
914 1830 1040 1888 qnorum
1063 1812 1155 1872 titulis
1177 1811 1255 1871 ordi·

135 1915 181 1974 nis
203 1916 333 1973 sevirum
357 1932 394 1973 ex
416 1912 584 1973 sacerdotio
606 1931 706 1973 annuo
729 1914 883 1990 paullatim
906 1915 963 1974 orti
987 1919 1017 1974 et
1032 1915 1144 1975 exeulti
1168 1915 1255 1974 vesti·

134 2018 184 2094 gia
206 1994 377 2075 etiadmune
400 2016 682 2093 deprehendantur,
709 2015 775 2075 dieo
798 2035 859 2094 eas,
881 2018 911 2076 in
934 2017 1044 2094 quibus
1066 2022 1120 2078 ant
1140 2020 1256 2076 seviros

134 2121 316 2193 Augustales
334 2123 506 2192 perpetuos
527 2123 580 2177 aut
602 2120 718 2177 saviros
741 2124 770 2177 et
794 2120 973 2193 Augustales
1002 2121 1132 2179 inveniri
1163 2138 1255 2196 supra

134 2223 234 2281 retuli:
262 2222 445 2298 Hispaniam,
466 2220 582 2280 ltaliam
604 2222 788 2296 superiorem
812 2239 888 2299 quae
912 2240 992 2281 nune
1014 2223 1123 2282 dieitur
1143 2228 1175 2282 st
1197 2241 1254 2281 me·

135 2325 222 2400 diam,
244 2324 433 2383 Dalmatiam.
477 2322 590 2383 Contra
611 2341 662 2382 eas
684 2325 833 2401 regiones,
856 2327 886 2384 in
902 2342 1030 2401 quorum
1045 2326 1140 2385 titulis
1154 2327 1255 2385 buius·

135 2427 215 2486 modi
237 2427 364 2502 vestigia
386 2427 471 2485 nulla
492 2431 612 2502 praesto
634 2431 722 2504 sunt,
744 2427 910 2487 institutum
932 2428 1002 2488 alibi
1025 2434 1127 2489 natum
1150 2433 1181 2487 et
1201 2428 1255 2488 ibi-

136 2529 203 2589 dem
225 2530 282 2588 iam
306 2529 497 2605 aliquatenus
519 2529 670 2588 excultum
700 2534 791 2606 atque
817 2531 1016 2590 inveteratum
1045 2531 1197 2606 accepisse
1226 2536 1256 2590 et

133 2633 262 2691 imitatas
283 2648 350 2691 esse
373 2629 556 2690 crediderim.
598 2633 749 2709 Denique,
772 2638 805 2693 ut
827 2633 901 2692 baso
924 2635 1090 2711 mittamus,
1112 2636 1255 2710 quoniam

136 2739 205 2793 ante
229 2735 358 2809 Augusti
392 2738 517 2793 mo1tem
549 2735 664 2793 saviros
685 2735 870 2810 Augustales
900 2735 992 2795 fuisse
1022 2735 1141 2797 duobus
1164 2737 1255 2797 doou-

136 2836 243 2895 mentis
267 2836 472 2896 confirmatum
489 2839 542 2912 est,
564 2837 651 2896 etiam
672 2855 754 2896 aram
769 2837 996 2899 Narbonensem
1019 2837 1057 2898 ad
1073 2856 1126 2899 eos
1140 2839 1255 2900 referre

136 2938 301 2998 seeundum
325 2955 460 3014 eaquae
483 2937 543 2996 dixi
567 2937 636 3014 quis
658 2937 771 2999 diutius
793 2939 964 3001 dubitabit?
1002 3014 1006 3021 .

221 3040 305 3115 Quae
328 3059 395 3100 eum
417 3042 459 3099 ita
479 3041 553 3117 sint,
584 3040 731 3100 sodalium
754 3042 965 3118 Augustalium
987 3043 1187 3104 saserdotium
1209 3062 1253 3104 se·
1305 3042 1408 3089 Numa
1468 3045 1469 3051 ’

134 3144 234 3203 viratu
249 3162 310 3203 non
325 3161 391 3202 esse
407 3159 582 3219 expressum
598 3143 730 3202 mihimet
738 3148 784 3203 est
798 3145 1077 3219 exploratissimum.
1106 3145 1253 3206 Sumusne
1270 3116 1449 3226 mcrffissms

134 3245 226 3320 igitur
248 3245 344 3305 eoaeti
376 3263 478 3304 eorum
500 3248 604 3321 partes
633 3245 734 3321 sequi,
769 3247 822 3321 qui
852 3246 891 3305 ad
919 3248 1014 3307 instar
1039 3249 1253 3322 magistrorum
1300 3247 1409 3324 seyirum

134 3347 267 3405 vicorum
288 3345 374 3411 orbis
397 3348 509 3407 seviros
524 3346 707 3423 Augustales
728 3347 882 3408 institutos
898 3367 965 3409 esse
981 3350 1166 3411 voluerunt?
1195 3351 1254 3411 Sed
1272 3329 1443 3445 ρὲἓξὲὃῐξῇ,

136 3450 203 3508 huie
226 3450 359 3525 opinioni
382 3468 441 3509 non
466 3449 630 3510 medioeres
654 3449 794 3509 videntur
809 3450 928 3511 obstare
944 3451 1147 3512 difficultates.
1183 3453 1255 3514 Cum

136 3553 213 3611 euim
235 3553 265 3611 in
288 3552 458 3629 municipiis
480 3549 686 3612 inveniantur
704 3556 734 3610 et
755 3553 896 3625 magistri
917 3553 1030 3613 Larum
1051 3558 1256 3628 Augustorum

136 3660 165 3714 et
187 3656 245 3713 vici
266 3656 404 3728 erupturi
427 3673 657 3734 nonnumquam,
680 3658 760 3738 uerte
792 3655 831 3714 ab
858 3656 902 3715 eis
932 3654 1090 3731 diversi²l,
1128 3675 1255 3734 quorum

135 3761 280 3832 utrosque
302 3756 461 3816 sacerdotii
485 3757 605 3834 urbani,
637 3757 674 3816 de
701 3776 760 3833 quo
791 3776 872 3818 nune
898 3759 1026 3836 agimus,
1062 3760 1255 3819 imitationem
1281 3742 1284 3747 Δ

136 3876 203 3919 esse
218 3859 327 3934 liquet:
350 3878 421 3918 num
437 3864 483 3918 est
498 3859 659 3919 verisimile
674 3861 704 3919 in
720 3861 888 3937 municipiis
904 3861 992 3919 etiam
1007 3862 1126 3920 tertium
1141 3862 1255 3938 institu-

141 3967 203 4021 tum
227 3962 283 4020 illis
314 3980 373 4020 non
404 3961 446 4020 ita
473 3961 614 4021 dissimile
648 3963 731 4021 iuxta
758 3963 810 4021 illa
845 3981 863 4021 a
890 3964 1096 4038 vieimagistris
1134 3964 1255 4023 urbanis

136 4065 282 4141 originem
309 4063 451 4140 espisse?
495 4065 588 4141 Atqui
618 4065 793 4125 necessitate
829 4083 1018 4142 nequaquam
1048 4066 1254 4142 compellimur
1266 4080 1339 4127 Haec
1354 4078 1443 4142 opinio

137 4167 174 4225 ad
198 4168 275 4225 hano
299 4167 475 4225 sententiam
499 4166 709 4242 adoptandam.
754 4167 842 4241 Quod
865 4169 942 4228 enim
965 4168 1122 4245 hueusque
1138 4177 1256 4245 semper
1277 4162 1323 4211 ΡΗ
1342 4162 1369 4264 {⁸
1386 4162 1439 4196 ¹¹⁰³

135 4270 230 4328 solum
254 4271 423 4344 quaesitum
447 4273 500 4344 est,
523 4272 623 4328 utrum
646 4269 766 4330 sodales
780 4271 962 4346 Augustales
985 4290 1023 4329 an
1040 4271 1256 4348 vicimagistros
1281 4221 1434 4333 necesdiaria.

222 4483 243 4547 ¹)
260 4499 287 4550 p.
308 4484 355 4535 ras
374 4496 395 4536 s.
546 4483 570 4547 ²)
587 4480 623 4535 ef.
642 4480 732 4536 osu.
750 4486 824 4536 vrrs.
