3142 5138
222 575 225 582 Ι
330 491 349 550 6

194 676 295 740 Zumpt.
318 664 514 740 Augustales
550 681 603 724 seu
637 663 857 738 Augustalicios
888 659 1095 733 nominatos¹l
1154 662 1265 722 Contra
1295 661 1451 737 Zumptius

331 766 427 827 vetuit
447 767 498 826 ille
520 766 640 843 quidem
663 766 777 825 saviros
800 784 867 825 oum
882 765 1098 842 Augustalibus
1113 766 1166 824 tali
1181 764 1268 825 modo
1291 763 1451 842 confundi3

330 869 418 931 immo
448 868 505 929 hoc
528 886 635 929 nomen
657 867 848 944 collegiorum
878 866 970 927 luisse
1001 866 1040 926 ad
1069 867 1216 926 sodalium
1240 866 1451 942 Augustalium

330 972 498 1048 exemplum
519 971 551 1031 in
573 971 743 1047 municipiis
771 970 1015 1048 constitutorum,
1046 970 1162 1030 saviros
1192 974 1290 1029 autem
1313 969 1452 1045 primitus

330 1073 426 1134 dictos
448 1091 514 1133 esse
537 1092 640 1134 eorum
662 1074 834 1149 magistros,
858 1091 932 1149 quos
954 1072 1012 1149 ipsi
1033 1072 1087 1131 sibi
1111 1072 1271 1149 quotannis
1293 1071 1451 1148 praefecis-

330 1172 438 1247 sent.²)
482 1177 598 1235 Tamen
626 1175 704 1235 idem
736 1176 890 1252 Zumptius
927 1174 1107 1234 adversariis
1137 1174 1251 1251 aliquid
1285 1175 1453 1235 concedere

331 1283 452 1338 coactus
474 1281 535 1336 est:
558 1297 626 1337 nam
649 1296 716 1337 oum
738 1278 769 1336 in
786 1277 901 1338 Galliae
917 1278 1121 1337 Narbonensis
1143 1277 1238 1336 titulis
1252 1277 1376 1338 vidisset
1391 1296 1452 1337 non

331 1378 554 1440 commemorari
578 1382 633 1441 nisi
656 1381 781 1457 saviros,
804 1380 988 1456 Augustales
1010 1382 1108 1439 autem
1131 1396 1255 1455 prorsus
1278 1379 1453 1457 desiderari,
1553 1404 1558 1411 ·

330 1483 360 1542 in
383 1483 429 1542 his
452 1501 524 1544 sane
546 1483 719 1562 regionibus
741 1483 871 1542 seviratu
894 1482 1076 1558 Augustales
1106 1500 1213 1541 munus
1229 1500 1330 1559 ¹suum
1354 1482 1453 1558 auspi-

331 1588 414 1645 catos
436 1591 466 1646 et
487 1586 620 1645 ordinem
642 1585 852 1662 Augustalium
884 1603 932 1647 ex.
953 1584 1130 1644 seviralibus
1161 1583 1356 1660 compositum
1386 1600 1453 1643 esse

330 1688 402 1764 quin
424 1688 611 1765 perspiceret
634 1687 735 1747 facere
757 1705 817 1746 non
839 1683 972 1763 potuita)
1260 1692 1263 1695 ’

357 1800 364 1820 “
416 1791 555 1866 Denique
577 1791 739 1849 Hennenus
764 1789 835 1848 licet
856 1789 967 1867 Eggeri
990 1788 1176 1865 Marquardti
1205 1790 1381 1848 sententiam
1409 1789 1453 1849 iu·

330 1893 436 1952 dicarit
465 1912 520 1970 per
550 1911 581 1953 se
610 1892 704 1968 ipsam
732 1910 797 1952 esse
829 1893 1004 1968 Zumptiana
1034 1891 1264 1967 probabiliorem
1273 1889 1316 1964 ⁴),
1352 1895 1453 1952 tamen

329 1995 429 2055 neutri
453 1995 556 2072 utique
579 2013 688 2055 nomen
710 2013 796 2055 suum
818 1994 1003 2071 subseripsit‚
1025 1992 1078 2053 sed
1101 2011 1210 2052 novam
1225 1994 1302 2052 viam
1325 2012 1453 2071 eamque
1563 2002 1567 2006 '

330 2097 455 2156 mediam
477 2098 644 2158 interillos
666 2098 722 2157 sibi
744 2098 906 2157 ineundam
930 2114 994 2156 esse
1018 2096 1144 2156 censuit.
1187 2096 1235 2156 Sic
1250 2097 1328 2155 enim
1350 2096 1400 2155 lex
1422 2097 1453 2156 in

329 2200 502 2259 universum
515 2180 625 2260 ⁴rerum
648 2201 836 2276 antiquarum
861 2199 1004 2258 studiosis
1034 2200 1091 2258 iam
1113 2198 1228 2274 pridem
1250 2199 1392 2276 probata,
1421 2199 1453 2258 in

330 2301 458 2378 singulis
480 2319 570 2377 saepe
591 2303 745 2379 neglecta,
776 2305 810 2360 ut
839 2302 971 2360 locorum
993 2319 1029 2361 ac
1050 2307 1219 2378 temporum
1248 2301 1278 2360 in
1300 2301 1454 2361 titulorum

330 2421 386 2463 usu
407 2403 484 2464 ratio
507 2404 661 2482 habeatur,
683 2405 859 2481 praecipere
882 2405 909 2463 ei
923 2404 988 2463 visa
1003 2408 1057 2463 est
1100 2405 1238 2481 Namque
1255 2422 1321 2463 cum
1339 2406 1454 2464 saviros

330 2504 406 2579 (sive
428 2507 543 2567 seviros
566 2504 762 2582 Augustales)
792 2507 823 2566 in
846 2505 1001 2567 nonnullis
1023 2506 1195 2582 regionibus
1222 2506 1303 2566 solos
1325 2507 1453 2583 reperiri

328 2609 386 2667 iam
409 2609 564 2685 Zumptius
586 2610 860 2687 animadvertisset,
887 2611 1048 2669 Hennenus
1071 2627 1087 2668 e
1111 2608 1247 2687 schedis,
1278 2610 1387 2687 quibus
1410 2609 1454 2670 uti
1508 2670 1512 2678 ,

330 2712 443 2788 potuit,
474 2712 512 2771 ad
544 2730 653 2789 corpus
674 2712 902 2790 inscriptionum
933 2713 1018 2789 regni
1041 2712 1232 2788 Neapolitani
1263 2711 1453 2772 condendum

331 2831 348 2870 a
370 2814 554 2874 Mommseno
575 2815 634 2875 iam
656 2820 728 2875 tunc
751 2815 930 2893 comparatis
961 2815 1064 2875 didicit
1090 2816 1121 2874 in
1153 2815 1265 2876 maiore
1286 2818 1373 2891 parte
1395 2817 1453 2875 Ita·

330 2916 388 2975 liae
410 2917 561 2978 inferioris
583 2937 660 2995 quae
683 2917 793 2978 dicitur
816 2920 997 2978 econtrario
1020 2935 1081 2976 non
1097 2921 1214 2977 exstare
1230 2917 1287 2976 nisi
1302 2917 1453 2995 Augusta·

329 3019 401 3080 lium
423 3021 535 3080 titulos.
578 3022 623 3080 Ac
638 3039 710 3080 vere
733 3021 779 3080 his
802 3020 975 3097 regionibus
998 3020 1113 3080 seviros
1137 3019 1265 3080 defuisse
1288 3037 1324 3080 eo
1342 3020 1453 3079 certius
1490 3016 1495 3021 ’

332 3121 482 3181 adfirmari
503 3140 592 3198 posse
616 3123 756 3200 opinatus
779 3129 832 3200 ost,
854 3123 935 3199 quod
957 3123 997 3182 ibi
1012 3123 1062 3181 alii
1077 3122 1336 3198 deprenderentur
1351 3122 1454 3198 Augu·

330 3225 449 3284 stallum
472 3225 663 3301 magistratus
684 3255 726 3265 —
753 3224 993 3302 quinquennales
1026 3229 1181 3285 curatores
1214 3229 1390 3301 quaestores
1410 3252 1455 3265 -

331 3327 383 3404 qui
406 3326 545 3387 deessent
573 3327 623 3386 ubi
650 3328 741 3386 sevir-i
777 3330 1089 3387 commemorarentur.
1133 3327 1246 3387 Contra
1277 3328 1307 3385 in
1337 3325 1453 3386 mediae

331 3429 433 3487 Italiae
467 3429 636 3506 municipiis
667 3430 820 3507 plerisque
850 3433 940 3506 atque
972 3430 1002 3488 in
1034 3430 1195 3490 Germania
1224 3429 1362 3489 Helvetia
1383 3430 1453 3488 Dal·

332 3531 423 3590 matia
444 3532 540 3591 Dacia
562 3531 677 3592 seviros
699 3538 730 3591 et
744 3531 925 3609 Augustales
948 3532 1034 3591 simul
1057 3533 1193 3609 inveniri,
1214 3533 1244 3591 in
1261 3532 1347 3591 Italia
1366 3549 1453 3610 supe·

333 3631 412 3692 riore
428 3637 458 3693 et
471 3635 502 3692 in
517 3635 665 3710 Hispania
679 3634 858 3711 quibusdam
874 3634 992 3710 oppidis
1007 3635 1123 3693 omissis
1139 3634 1265 3694 eandem
1281 3633 1345 3694 fere
1361 3634 1454 3695 fuisse

420 3863 440 3930 ¹)
458 3863 586 3932 Eggerus
604 3862 618 3915 Ι
636 3867 763 3917 eso—82
782 3862 949 3917 satishabuit
961 3862 1032 3917 hano
1044 3864 1211 3918 sententiam
1224 3864 1348 3918 breviter
1360 3863 1454 3918 adum-

332 3947 421 4016 brare,
437 3947 641 4016 Marquardtus,
653 3965 716 4002 oum
729 3947 873 4016 Zumptius
885 3949 997 4017 Eggsro
1009 3947 1118 4003 interim
1131 3949 1333 4018 respondisset,
1345 3949 1381 4002 ad
1393 3963 1454 4004 eam

331 4032 488 4087 accuratius
507 4034 700 4103 exponendam
718 4050 745 4101 p.
759 4037 903 4087 506-508
922 4034 1061 4087 adductus
1080 4040 1130 4088 est.

417 4121 440 4184 ²)
456 4135 484 4187 p.
498 4123 529 4172 55
540 4135 561 4173 s.
580 4118 616 4172 cf.
634 4135 661 4186 p.
683 4123 721 4173 ll.

417 4206 441 4270 ³)
457 4213 484 4272 p.
499 4208 530 4256 73
540 4220 562 4258 s.
580 4202 616 4257 cf.
628 4205 713 4272 Marq.
728 4209 786 4258 507.

417 4291 439 4355 ⁴)
456 4289 517 4354 „irc
540 4296 620 4343 const
644 4306 677 4343 so
701 4289 915 4359 ansprecbosde
941 4288 1115 4361 hypothese“
1132 4307 1159 4357 p.
1172 4292 1230 4343 205.
1255 4288 1318 4353 „iod
1339 4288 1454 4360 gestabo

329 4390 410 4445 pera,
428 4374 499 4430 dass
516 4374 586 4429 Hm.
604 4374 793 4444 Marquardts
810 4374 920 4431 ansicdt
930 4374 1159 4445 anspreodeadcr
1171 4376 1231 4430 sein
1246 4374 1353 4440 warde,
1371 4390 1453 4430 mena

331 4460 372 4514 sic
389 4459 436 4514 mit
454 4458 508 4513 dea
524 4459 683 4533 qepedenea
698 4461 799 4530 sacten
816 4460 1049 4517 dbercinstimlof‘
1079 4465 1137 4514 307.
