3142 5138
1216 497 1257 557 45

134 672 267 731 iacturae
290 691 336 731 me
354 670 456 730 iu'dice
480 671 579 731 obstat
600 671 665 748 ipsa
687 671 854 746 titulorum,
884 669 913 729 in
938 670 1046 746 quibus
1066 669 1157 729 seuiri
1182 687 1260 729 com·

134 777 343 849 memorantur,
364 774 394 832 in
418 774 464 832 his
487 774 661 850 regionibus
689 773 845 849 oppidisve
871 773 986 832 raritaa
1035 773 1124 832 Verbi
1154 791 1260 833 caussa

131 872 267 936 Puteolis
296 877 321 935 si
350 876 510 953 collegium
532 875 744 951 Augustalium
770 875 859 934 talem
881 875 1073 934 mutationem
1095 875 1259 952 aliqnando

134 979 248 1038 subisse
269 982 353 1038 recte
376 981 571 1055 statueretur,
598 979 729 1037 sevirum
751 977 853 1036 titulos
874 978 978 1052 utique
999 978 1103 1052 plnres
1124 982 1259 1053 repertos

133 1097 199 1140 esse
232 1085 424 1157 exspectares
453 1099 513 1140 uno
543 1080 714 1156 duobusve,
743 1080 918 1157 pracsertim
950 1098 1017 1139 cum
1047 1081 1259 1154 Aupuatolium

112 1255 116 1261 ι
135 1187 256 1259 praesto
280 1184 339 1242 sint
361 1185 482 1243 circiter
504 1183 682 1260 quindecim.
726 1184 818 1243 lmmo
834 1183 892 1241 hoc
907 1200 1015 1243 nomeu
1029 1183 1072 1243 ibi
1085 1182 1142 1242 tuit
1156 1183 1260 1259 magis,

45 1366 48 1368 ‚
133 1282 209 1344 iliud
232 1287 329 1344 minus
354 1287 501 1346 usitatum.
545 1285 671 1345 Accedit
693 1284 776 1361 quod
799 1303 835 1344 ex
859 1285 1010 1345 contrario
1032 1285 1063 1343 in
1079 1286 1122 1344 eis
1138 1303 1259 1362 quoque

134 1388 216 1466 locis,
238 1389 290 1448 ubi
311 1389 439 1448 sevirum
462 1407 570 1448 nomen
593 1388 756 1465 praevalet,
779 1388 884 1447 horum
907 1388 1153 1448 seriescontinua
1168 1388 1258 1449 inter·
1305 1400 1308 1407 ’

133 1489 203 1550 dum
224 1492 451 1567 interrumpitur
473 1510 534 1551 uno
548 1492 681 1550 alterove
697 1486 883 1564 Aupustolie
896 1491 984 1551 titulo
993 1487 1015 1562 ¹)
1038 1508 1136 1567 neque
1157 1494 1258 1551 tamen

133 1596 231 1669 potest
267 1593 338 1653 inde
375 1594 502 1654 derivari
539 1595 733 1670 collegiorum
775 1593 825 1652 vel
868 1593 968 1668 prisca
1009 1593 1167 1654 diversitas
1208 1596 1258 1654 vel

133 1697 256 1755 mutatio
279 1697 407 1772 posthac
430 1696 518 1756 iacta.

219 1800 357 1874 Denique
378 1817 416 1860 ne
439 1800 497 1859 hoc
519 1798 640 1876 quidem
663 1799 730 1859 loco
754 1799 1000 1859 documentorum
1015 1798 1146 1858 subsidio
1166 1798 1256 1874 plane
1274 1805 1295 1852 Ι.
1314 1805 1348 1852 Ν.
1367 1779 1443 1867 iooo.

135 1900 265 1961 deficior.
324 1902 440 1961 Etenim
472 1902 568 1961 Teani
601 1902 691 1962 Sidis.
726 1902 756 1960 in
789 1900 886 1960 lucem
919 1900 1028 1978 prodiit
1058 1901 1162 1961 titulus
1195 1901 1257 1961 hic:

135 2003 164 2062 S.
182 2019 208 2063 c.
225 2003 364 2064 belmeum
383 2005 558 2064 Clodianum
574 2009 701 2077 emptum
718 2020 784 2064 cum
806 2006 870 2063 suis
893 2004 1043 2075 aedificiis
1066 2019 1106 2062 ex
1123 2005 1258 2077 pecunie

135 2106 345 2180 Aupustoiium
367 2106 425 2165 HS.
451 2107 523 2168 Deo
557 2105 669 2168 CCIOO
729 2105 762 2176 O.
802 2106 914 2164 Mimuti
958 2106 1046 2165 liceri
1086 2104 1115 2163 θ.
1153 2107 1259 2178 Aufilli

135 2208 242 2267 Suooie
268 2209 297 2267 0.
321 2210 438 2269 Aiscidi
460 2209 584 2283 Lepotis
607 2210 642 2267 N.
667 2209 801 2268 Herenni
826 2208 931 2283 Opteti
953 2208 996 2268 M.
1023 2208 1107 2268 Calue·
1125 2207 1258 2269 Chilonis

135 2311 175 2370 M.
211 2311 296 2370 Ouiui
324 2312 441 2371 Fausti.
452 2310 476 2384 ²)
530 2314 592 2371 Ista
622 2313 838 2386 Aueeasiolium
868 2313 997 2389 pecunia
1025 2310 1133 2388 procul
1167 2311 1257 2370 dubio

136 2431 249 2497 summa
270 2414 431 2475 honoraria
453 2414 659 2491 intellegenda
681 2418 734 2491 est,
757 2432 845 2491 quam
868 2432 924 2490 pro
946 2415 1069 2473 introitu
1090 2414 1258 2490 solverunt,

134 2532 204 2591 ergo
235 2516 337 2576 decem
369 2518 450 2576 milia
479 2518 648 2576 sestertium
678 2517 814 2593 singulos
847 2517 972 2576 solvisse
1004 2517 1171 2594 ¹verisimile
1202 2521 1256 2575 est.

135 2617 223 2690 Quod
246 2623 345 2678 autem
368 2637 422 2679 sex
444 2620 631 2693 Aopmtcles
660 2620 708 2678 bic
730 2620 760 2678 in
784 2620 864 2677 bunc
886 2618 1005 2678 modum
1028 2620 1258 2696 coniunguntur,

135 2723 168 2778 ut
190 2738 291 2779 eorum
316 2722 443 2797 pecunia
465 2721 625 2780 honoraria
647 2721 765 2780 dicatur
787 2721 873 2779 simul
895 2726 1019 2796 erogata
1046 2738 1128 2797 esse,
1157 2738 1257 2779 nonne

134 2822 170 2881 iis
192 2840 270 2898 quae
294 2824 438 2883 haetenus
452 2825 588 2901 exposui,
609 2841 646 2883 ne
670 2823 765 2882 dicam
782 2827 873 2899 certo,
896 2827 1041 2883 attamen
1060 2810 1257 2899 probabiliter
1333 2897 1338 2908 ι

134 2923 210 2984 ellici
241 2925 379 3012 uidetur,
415 2944 466 2985 eos
505 2925 596 2985 fuisse
629 2925 801 2985 sacerdotes
835 2944 966 3004 annuos,
1011 2927 1061 3001 qui
1101 2926 1189 2984 simul
1219 2941 1256 2984 ex

134 3045 216 3087 more
245 3046 352 3095 munus
385 3029 601 3106 suscepissent,
630 3032 661 3087 et
689 3046 828 3088 senorum
858 3029 1066 3103 Aequimelium
1098 3028 1257 3103 quotannis

55 3112 60 3127 “
133 3127 278 3190 factorum
302 3148 458 3190 nnmerum
480 3132 546 3190 istic
569 3130 661 3190 fnisse
684 3122 846 3190 usitatum?
880 3131 997 3190 Dixerit
1023 3129 1150 3190 fortasse
1176 3131 1256 3206 quis-

133 3231 210 3306 piam
230 3232 288 3291 hoc
311 3252 402 3292 unum
426 3232 637 3293 documentum
661 3251 721 3293 non
749 3232 888 3292 sufficere
912 3233 950 3291 ad
972 3233 1032 3291 tale
1052 3232 1194 3292 iudicium
1218 3231 1256 3291 de

133 3333 188 3392 hac
218 3337 393 3411 quaestione
423 3335 604 3395 iaciendum.
658 3335 713 3396 Oui
742 3335 910 3410 respondeo
938 3337 1026 3394 etiam
1048 3336 1161 3394 seviret
1183 3336 1255 3393 satis

133 3453 201 3495 raro
229 3438 357 3497 inveniri
390 3456 493 3498 omnes
520 3456 573 3497 sex
603 3439 633 3497 in
664 3438 745 3497 hunc
772 3437 1104 3496 modumfconinnctos.
1154 3436 1255 3496 Nihilo
1376 3426 1379 3429 ⁵

135 3526 233 3597 tamen
256 3541 349 3599 setius
373 3541 616 3616 quandocunque
638 3540 850 3618 inveniuntur,
880 3541 978 3599 cuncti
1007 3539 1195 3599 inclinabunt
1216 3537 1255 3596 ad
1353 3554 1357 3575 ⁸

133 3641 300 3716 opinionem
324 3661 376 3701 sex
400 3643 573 3703 sacerdotes
596 3644 685 3703 unius
700 3645 770 3701 anni
791 3642 1009 3719 intellegendos
1027 3659 1101 3700 esse.
1145 3640 1256 3714 Quidni

133 3743 181 3803 hio
202 3744 271 3803 item
293 3746 475 3821 iudicemus,
502 3747 676 3822 praesertim
707 3743 920 3805 cum'minime
952 3746 981 3803 in
1004 3763 1063 3804 uno
1091 3745 1147 3803 hoc
1168 3743 1255 3802 titulo
1330 3808 1334 3832 λ

132 3849 190 3925 stet
212 3846 369 3924 iudicium,
399 3849 487 3908 immo
517 3866 634 3908 eonon
660 3848 809 3907 utar.nisi
834 3847 871 3907 ad
896 3847 1144 3923 confirmandum,
1174 3844 1255 3920 qnod

132 3947 252 4009 aliunde
275 3951 486 4010 conlocaram?

135 4283 337 4295 ψ

24 4424 28 4428 a
220 4384 241 4449 ¹)
258 4381 293 4437 cl.
311 4383 339 4437 in
351 4384 492 4453 Hispania
508 4385 606 4439 titulos
625 4383 763 4452 Vivatiae,
782 4385 903 4452 Italicae,
920 4381 1031 4452 Astigi,
1049 4389 1107 4439 tum
1126 4383 1161 4450 V,
1180 4388 1254 4436 5777.

133 4471 207 4521 iere.
378 4471 401 4536 ²)
419 4471 440 4523 1.
454 4471 487 4525 Ν.
500 4475 574 4524 4700.
1189 4508 1191 4512 2
