<?xml version="1.0" encoding="UTF-8"?>
<!DOCTYPE html PUBLIC "-//W3C//DTD XHTML 1.0 Transitional//EN"
    "http://www.w3.org/TR/xhtml1/DTD/xhtml1-transitional.dtd">
<html xmlns="http://www.w3.org/1999/xhtml" xml:lang="en" lang="en">
 <head>
  <title>
</title>
<meta http-equiv="Content-Type" content="text/html;charset=utf-8" />
  <meta name='ocr-system' content='tesseract 3.04.00' />
  <meta name='ocr-capabilities' content='ocr_page ocr_carea ocr_par ocr_line ocrx_word'/>
</head>
<body>
  <div class='ocr_page' id='page_1' title='image "./desevirisaugust00schmgoog_0092.png"; bbox 0 0 3180 5370; ppageno 0'>
   <div class='ocr_carea' id='block_1_1' title="bbox 335 510 390 592">
    <p class='ocr_par' dir='ltr' id='par_1_1' title="bbox 335 510 390 592">
     <span class='ocr_line' id='line_1_1' title="bbox 335 510 390 592; baseline 0 0"><span class='ocrx_word' id='word_1_1' title='bbox 335 510 390 592; x_wconf 83' lang='lat' dir='ltr'><strong>&#39;oo</strong></span> 
     </span>
    </p>
   </div>
   <div class='ocr_carea' id='block_1_2' title="bbox 192 706 1550 1508">
    <p class='ocr_par' dir='ltr' id='par_1_2' title="bbox 192 706 1550 1508">
     <span class='ocr_line' id='line_1_2' title="bbox 352 706 1473 782; baseline 0.001 -19"><span class='ocrx_word' id='word_1_2' title='bbox 352 724 389 763; x_wconf 93' lang='lat' dir='ltr'><strong>ne</strong></span> <span class='ocrx_word' id='word_1_3' title='bbox 409 706 551 780; x_wconf 79' lang='lat' dir='ltr'><strong>cogitabit</strong></span> <span class='ocrx_word' id='word_1_4' title='bbox 573 706 702 782; x_wconf 90' lang='lat' dir='ltr'><strong>quidem.</strong></span> <span class='ocrx_word' id='word_1_5' title='bbox 747 706 884 765; x_wconf 81' lang='lat' dir='ltr'><strong>Ceterum</strong></span> <span class='ocrx_word' id='word_1_6' title='bbox 908 707 965 766; x_wconf 91' lang='lat' dir='ltr'><strong>iam</strong></span> <span class='ocrx_word' id='word_1_7' title='bbox 983 706 1172 778; x_wconf 84' lang='lat' dir='ltr'><strong>Henzcnus¹)</strong></span> <span class='ocrx_word' id='word_1_8' title='bbox 1191 707 1319 782; x_wconf 87' lang='lat' dir='ltr'><strong>Zumptii</strong></span> <span class='ocrx_word' id='word_1_9' title='bbox 1340 725 1473 765; x_wconf 84' lang='lat' dir='ltr'><strong>errorem</strong></span> 
     </span>
     <span class='ocr_line' id='line_1_3' title="bbox 350 808 1473 887; baseline 0.002 -22"><span class='ocrx_word' id='word_1_10' title='bbox 350 809 392 866; x_wconf 90' lang='lat' dir='ltr'><strong>ita</strong></span> <span class='ocrx_word' id='word_1_11' title='bbox 415 808 599 884; x_wconf 79' lang='lat' dir='ltr'><strong>confutavit,</strong></span> <span class='ocrx_word' id='word_1_12' title='bbox 622 814 655 867; x_wconf 92' lang='lat' dir='ltr'><strong>ut</strong></span> <span class='ocrx_word' id='word_1_13' title='bbox 678 811 707 866; x_wconf 87' lang='lat' dir='ltr'><strong>iir</strong></span> <span class='ocrx_word' id='word_1_14' title='bbox 732 810 904 869; x_wconf 81' lang='lat' dir='ltr'><strong>universum</strong></span> <span class='ocrx_word' id='word_1_15' title='bbox 933 811 960 869; x_wconf 89' lang='lat' dir='ltr'><strong>ei</strong></span> <span class='ocrx_word' id='word_1_16' title='bbox 982 813 1093 887; x_wconf 87' lang='lat' dir='ltr'><strong>possim</strong></span> <span class='ocrx_word' id='word_1_17' title='bbox 1117 811 1309 886; x_wconf 79' lang='lat' dir='ltr'><strong>adstipulari,</strong></span> <span class='ocrx_word' id='word_1_18' title='bbox 1340 813 1473 884; x_wconf 87' lang='lat' dir='ltr'><strong>praetcr-</strong></span> 
     </span>
     <span class='ocr_line' id='line_1_4' title="bbox 352 904 1550 985; baseline 0.002 -18"><span class='ocrx_word' id='word_1_19' title='bbox 352 928 439 985; x_wconf 85' lang='lat' dir='ltr'><strong>quam</strong></span> <span class='ocrx_word' id='word_1_20' title='bbox 464 911 544 984; x_wconf 89' lang='lat' dir='ltr'><strong>quod</strong></span> <span class='ocrx_word' id='word_1_21' title='bbox 568 911 672 969; x_wconf 90' lang='lat' dir='ltr'><strong>vellem</strong></span> <span class='ocrx_word' id='word_1_22' title='bbox 698 904 770 969; x_wconf 85' lang='lat' dir='ltr'><strong>cum¹</strong></span> <span class='ocrx_word' id='word_1_23' title='bbox 799 914 909 970; x_wconf 89' lang='lat' dir='ltr'><strong>certius</strong></span> <span class='ocrx_word' id='word_1_24' title='bbox 940 913 977 971; x_wconf 90' lang='lat' dir='ltr'><strong>de</strong></span> <span class='ocrx_word' id='word_1_25' title='bbox 1007 914 1063 971; x_wconf 91' lang='lat' dir='ltr'><strong>hac</strong></span> <span class='ocrx_word' id='word_1_26' title='bbox 1093 931 1125 971; x_wconf 88' lang='lat' dir='ltr'><strong>re</strong></span> <span class='ocrx_word' id='word_1_27' title='bbox 1156 912 1295 970; x_wconf 89' lang='lat' dir='ltr'><strong>iudicium</strong></span> <span class='ocrx_word' id='word_1_28' title='bbox 1320 908 1473 983; x_wconf 81' lang='lat' dir='ltr'><strong>fecisse.²)</strong></span> <span class='ocrx_word' id='word_1_29' title='bbox 1548 947 1550 952; x_wconf 91' lang='lat'><em>-</em></span> 
     </span>
     <span class='ocr_line' id='line_1_5' title="bbox 351 1012 1475 1090; baseline 0.001 -21"><span class='ocrx_word' id='word_1_30' title='bbox 351 1014 391 1069; x_wconf 83' lang='lat' dir='ltr'><strong>At</strong></span> <span class='ocrx_word' id='word_1_31' title='bbox 414 1029 486 1070; x_wconf 89' lang='lat' dir='ltr'><strong>sanc</strong></span> <span class='ocrx_word' id='word_1_32' title='bbox 516 1031 574 1070; x_wconf 89' lang='lat' dir='ltr'><strong>non</strong></span> <span class='ocrx_word' id='word_1_33' title='bbox 598 1014 695 1088; x_wconf 91' lang='lat' dir='ltr'><strong>potuit</strong></span> <span class='ocrx_word' id='word_1_34' title='bbox 729 1012 766 1069; x_wconf 92' lang='lat' dir='ltr'><strong>ad</strong></span> <span class='ocrx_word' id='word_1_35' title='bbox 796 1013 940 1088; x_wconf 89' lang='lat' dir='ltr'><strong>liquidum</strong></span> <span class='ocrx_word' id='word_1_36' title='bbox 973 1016 1178 1090; x_wconf 90' lang='lat' dir='ltr'><strong>quaestionem</strong></span> <span class='ocrx_word' id='word_1_37' title='bbox 1211 1013 1392 1088; x_wconf 76' lang='lat' dir='ltr'><strong>perducere,</strong></span> <span class='ocrx_word' id='word_1_38' title='bbox 1422 1013 1475 1087; x_wconf 90' lang='lat' dir='ltr'><strong>qui</strong></span> 
     </span>
     <span class='ocr_line' id='line_1_6' title="bbox 296 1113 1471 1191; baseline 0.002 -21"><span class='ocrx_word' id='word_1_39' title='bbox 296 1113 298 1119; x_wconf 87' lang='grc'><strong>’</strong></span> <span class='ocrx_word' id='word_1_40' title='bbox 352 1131 417 1171; x_wconf 93' lang='lat' dir='ltr'><strong>cum</strong></span> <span class='ocrx_word' id='word_1_41' title='bbox 441 1116 575 1190; x_wconf 85' lang='lat' dir='ltr'><strong>Zumptio</strong></span> <span class='ocrx_word' id='word_1_42' title='bbox 599 1116 629 1172; x_wconf 94' lang='lat' dir='ltr'><strong>in</strong></span> <span class='ocrx_word' id='word_1_43' title='bbox 652 1134 687 1173; x_wconf 94' lang='lat' dir='ltr'><strong>eo</strong></span> <span class='ocrx_word' id='word_1_44' title='bbox 711 1119 834 1191; x_wconf 89' lang='lat' dir='ltr'><strong>erraret,</strong></span> <span class='ocrx_word' id='word_1_45' title='bbox 857 1116 938 1189; x_wconf 90' lang='lat' dir='ltr'><strong>quod</strong></span> <span class='ocrx_word' id='word_1_46' title='bbox 962 1117 1075 1175; x_wconf 85' lang='lat' dir='ltr'><strong>seviros</strong></span> <span class='ocrx_word' id='word_1_47' title='bbox 1099 1116 1161 1175; x_wconf 90' lang='lat' dir='ltr'><strong>fere</strong></span> <span class='ocrx_word' id='word_1_48' title='bbox 1181 1116 1388 1190; x_wconf 82' lang='lat' dir='ltr'><strong>Augustalium</strong></span> <span class='ocrx_word' id='word_1_49' title='bbox 1412 1133 1471 1173; x_wconf 87' lang='lat' dir='ltr'><strong>ma-</strong></span> 
     </span>
     <span class='ocr_line' id='line_1_7' title="bbox 351 1215 1473 1314; baseline 0.002 -41"><span class='ocrx_word' id='word_1_50' title='bbox 351 1217 460 1314; x_wconf 75' lang='lat' dir='ltr'><strong>gistros</strong></span> <span class='ocrx_word' id='word_1_51' title='bbox 492 1216 584 1274; x_wconf 84' lang='lat' dir='ltr'><strong>fuisse</strong></span> <span class='ocrx_word' id='word_1_52' title='bbox 616 1215 766 1275; x_wconf 87' lang='lat' dir='ltr'><strong>credebat.</strong></span> <span class='ocrx_word' id='word_1_53' title='bbox 811 1218 888 1274; x_wconf 90' lang='lat' dir='ltr'><strong>Nam</strong></span> <span class='ocrx_word' id='word_1_54' title='bbox 926 1217 1103 1277; x_wconf 75' lang='lat' dir='ltr'><strong>decuriones</strong></span> <span class='ocrx_word' id='word_1_55' title='bbox 1142 1218 1166 1276; x_wconf 93' lang='lat' dir='ltr'><strong>si</strong></span> <span class='ocrx_word' id='word_1_56' title='bbox 1204 1218 1329 1294; x_wconf 88' lang='lat' dir='ltr'><strong>primum</strong></span> <span class='ocrx_word' id='word_1_57' title='bbox 1362 1217 1473 1276; x_wconf 88' lang='lat' dir='ltr'><strong>ordinis</strong></span> 
     </span>
     <span class='ocr_line' id='line_1_8' title="bbox 351 1317 1473 1396; baseline -0.001 -19"><span class='ocrx_word' id='word_1_58' title='bbox 351 1320 448 1377; x_wconf 86' lang='lat' dir='ltr'><strong>socios</strong></span> <span class='ocrx_word' id='word_1_59' title='bbox 472 1337 573 1377; x_wconf 92' lang='lat' dir='ltr'><strong>omnes</strong></span> <span class='ocrx_word' id='word_1_60' title='bbox 597 1337 703 1377; x_wconf 90' lang='lat' dir='ltr'><strong>revera</strong></span> <span class='ocrx_word' id='word_1_61' title='bbox 726 1319 881 1391; x_wconf 85' lang='lat' dir='ltr'><strong>fecissent,</strong></span> <span class='ocrx_word' id='word_1_62' title='bbox 914 1320 1017 1394; x_wconf 89' lang='lat' dir='ltr'><strong>quidni</strong></span> <span class='ocrx_word' id='word_1_63' title='bbox 1049 1321 1241 1396; x_wconf 84' lang='lat' dir='ltr'><strong>magistratus</strong></span> <span class='ocrx_word' id='word_1_64' title='bbox 1274 1324 1308 1377; x_wconf 86' lang='lat' dir='ltr'><strong>ut</strong></span> <span class='ocrx_word' id='word_1_65' title='bbox 1333 1319 1389 1394; x_wconf 91' lang='lat' dir='ltr'><strong>ipsi</strong></span> <span class='ocrx_word' id='word_1_66' title='bbox 1418 1317 1473 1377; x_wconf 90' lang='lat' dir='ltr'><strong>sibi</strong></span> 
     </span>
     <span class='ocr_line' id='line_1_9' title="bbox 192 1420 1473 1508; baseline -0.003 -25"><span class='ocrx_word' id='word_1_67' title='bbox 192 1436 306 1484; x_wconf 81' lang='lat' dir='ltr'><strong>Seviria</strong></span> <span class='ocrx_word' id='word_1_68' title='bbox 352 1420 551 1496; x_wconf 85' lang='lat' dir='ltr'><strong>praeficerent</strong></span> <span class='ocrx_word' id='word_1_69' title='bbox 588 1422 630 1480; x_wconf 89' lang='lat' dir='ltr'><strong>eis</strong></span> <span class='ocrx_word' id='word_1_70' title='bbox 667 1421 870 1508; x_wconf 84' lang='lat' dir='ltr'><strong>permiserint,</strong></span> <span class='ocrx_word' id='word_1_71' title='bbox 912 1440 1017 1497; x_wconf 88' lang='lat' dir='ltr'><strong>parum</strong></span> <span class='ocrx_word' id='word_1_72' title='bbox 1047 1427 1138 1498; x_wconf 90' lang='lat' dir='ltr'><strong>patet.</strong></span> <span class='ocrx_word' id='word_1_73' title='bbox 1196 1421 1253 1481; x_wconf 81' lang='lat' dir='ltr'><strong>Sed</strong></span> <span class='ocrx_word' id='word_1_74' title='bbox 1284 1422 1340 1479; x_wconf 87' lang='lat' dir='ltr'><strong>isto</strong></span> <span class='ocrx_word' id='word_1_75' title='bbox 1371 1439 1473 1480; x_wconf 86' lang='lat' dir='ltr'><strong>errore</strong></span> 
     </span>
    </p>
   </div>
   <div class='ocr_carea' id='block_1_3' title="bbox 160 1505 1472 1599">
    <p class='ocr_par' dir='ltr' id='par_1_3' title="bbox 160 1505 1472 1599">
     <span class='ocr_line' id='line_1_10' title="bbox 160 1505 1472 1599; baseline -0.001 -19"><span class='ocrx_word' id='word_1_76' title='bbox 160 1505 342 1582; x_wconf 61' lang='lat' dir='ltr'><strong>‹recurronibus</strong></span> <span class='ocrx_word' id='word_1_77' title='bbox 353 1523 467 1582; x_wconf 90' lang='lat' dir='ltr'><strong>abiecto</strong></span> <span class='ocrx_word' id='word_1_78' title='bbox 491 1542 545 1599; x_wconf 93' lang='lat' dir='ltr'><strong>pro</strong></span> <span class='ocrx_word' id='word_1_79' title='bbox 569 1528 651 1582; x_wconf 91' lang='lat' dir='ltr'><strong>certo</strong></span> <span class='ocrx_word' id='word_1_80' title='bbox 674 1522 883 1581; x_wconf 82' lang='lat' dir='ltr'><strong>affirmandum</strong></span> <span class='ocrx_word' id='word_1_81' title='bbox 900 1530 945 1582; x_wconf 86' lang='lat' dir='ltr'><strong>est</strong></span> <span class='ocrx_word' id='word_1_82' title='bbox 968 1525 1033 1582; x_wconf 87' lang='lat' dir='ltr'><strong>solo</strong></span> <span class='ocrx_word' id='word_1_83' title='bbox 1051 1525 1244 1582; x_wconf 89' lang='lat' dir='ltr'><strong>decurionum</strong></span> <span class='ocrx_word' id='word_1_84' title='bbox 1261 1523 1381 1581; x_wconf 86' lang='lat' dir='ltr'><strong>decreto</strong></span> <span class='ocrx_word' id='word_1_85' title='bbox 1398 1523 1472 1582; x_wconf 87' lang='lat' dir='ltr'><strong>sevi-</strong></span> 
     </span>
    </p>
   </div>
   <div class='ocr_carea' id='block_1_4' title="bbox 169 1581 1557 3542">
    <p class='ocr_par' dir='ltr' id='par_1_4' title="bbox 169 1581 1557 3542">
     <span class='ocr_line' id='line_1_11' title="bbox 169 1581 1473 1702; baseline -0.001 -19"><span class='ocrx_word' id='word_1_86' title='bbox 169 1581 247 1620; x_wconf 71' lang='lat' dir='ltr'><strong>creati</strong></span> <span class='ocrx_word' id='word_1_87' title='bbox 267 1581 333 1620; x_wconf 73' lang='lat' dir='ltr'><strong>sunt.</strong></span> <span class='ocrx_word' id='word_1_88' title='bbox 353 1644 403 1684; x_wconf 90' lang='lat' dir='ltr'><strong>ros</strong></span> <span class='ocrx_word' id='word_1_89' title='bbox 426 1645 491 1685; x_wconf 88' lang='lat' dir='ltr'><strong>csse</strong></span> <span class='ocrx_word' id='word_1_90' title='bbox 515 1631 639 1701; x_wconf 85' lang='lat' dir='ltr'><strong>creatos,</strong></span> <span class='ocrx_word' id='word_1_91' title='bbox 663 1627 719 1684; x_wconf 91' lang='lat' dir='ltr'><strong>nisi</strong></span> <span class='ocrx_word' id='word_1_92' title='bbox 741 1627 818 1685; x_wconf 90' lang='lat' dir='ltr'><strong>forte</strong></span> <span class='ocrx_word' id='word_1_93' title='bbox 842 1632 929 1702; x_wconf 91' lang='lat' dir='ltr'><strong>putes</strong></span> <span class='ocrx_word' id='word_1_94' title='bbox 953 1628 1040 1684; x_wconf 85' lang='lat' dir='ltr'><strong>etiam</strong></span> <span class='ocrx_word' id='word_1_95' title='bbox 1065 1627 1191 1685; x_wconf 89' lang='lat' dir='ltr'><strong>comitiis</strong></span> <span class='ocrx_word' id='word_1_96' title='bbox 1219 1627 1248 1684; x_wconf 92' lang='lat' dir='ltr'><strong>in</strong></span> <span class='ocrx_word' id='word_1_97' title='bbox 1274 1627 1329 1684; x_wconf 90' lang='lat' dir='ltr'><strong>hoc</strong></span> <span class='ocrx_word' id='word_1_98' title='bbox 1352 1626 1473 1699; x_wconf 85' lang='lat' dir='ltr'><strong>negotio</strong></span> 
     </span>
     <span class='ocr_line' id='line_1_12' title="bbox 352 1728 1473 1804; baseline 0 -18"><span class='ocrx_word' id='word_1_99' title='bbox 352 1729 495 1802; x_wconf 88' lang='lat' dir='ltr'><strong>quasdam</strong></span> <span class='ocrx_word' id='word_1_100' title='bbox 525 1736 627 1804; x_wconf 87' lang='lat' dir='ltr'><strong>partes</strong></span> <span class='ocrx_word' id='word_1_101' title='bbox 658 1729 785 1786; x_wconf 83' lang='lat' dir='ltr'><strong>tributas</strong></span> <span class='ocrx_word' id='word_1_102' title='bbox 816 1747 890 1787; x_wconf 90' lang='lat' dir='ltr'><strong>esse.</strong></span> <span class='ocrx_word' id='word_1_103' title='bbox 935 1729 1051 1786; x_wconf 81' lang='lat' dir='ltr'><strong>Etenim</strong></span> <span class='ocrx_word' id='word_1_104' title='bbox 1074 1730 1251 1804; x_wconf 91' lang='lat' dir='ltr'><strong>plerumque</strong></span> <span class='ocrx_word' id='word_1_105' title='bbox 1280 1747 1340 1786; x_wconf 91' lang='lat' dir='ltr'><strong>non</strong></span> <span class='ocrx_word' id='word_1_106' title='bbox 1363 1728 1473 1786; x_wconf 89' lang='lat' dir='ltr'><strong>indica-</strong></span> 
     </span>
     <span class='ocr_line' id='line_1_13' title="bbox 352 1818 1473 1906; baseline 0.001 -19"><span class='ocrx_word' id='word_1_107' title='bbox 352 1830 448 1906; x_wconf 90' lang='lat' dir='ltr'><strong>batur,</strong></span> <span class='ocrx_word' id='word_1_108' title='bbox 471 1850 488 1889; x_wconf 90' lang='lat' dir='ltr'><strong>a</strong></span> <span class='ocrx_word' id='word_1_109' title='bbox 511 1849 640 1906; x_wconf 90' lang='lat' dir='ltr'><strong>quonam</strong></span> <span class='ocrx_word' id='word_1_110' title='bbox 665 1831 753 1888; x_wconf 89' lang='lat' dir='ltr'><strong>seviri</strong></span> <span class='ocrx_word' id='word_1_111' title='bbox 777 1818 856 1889; x_wconf 35' lang='lat' dir='ltr'><strong>facti*</strong></span> <span class='ocrx_word' id='word_1_112' title='bbox 873 1837 980 1906; x_wconf 90' lang='lat' dir='ltr'><strong>essent,</strong></span> <span class='ocrx_word' id='word_1_113' title='bbox 1004 1832 1116 1906; x_wconf 86' lang='lat' dir='ltr'><strong>quippe</strong></span> <span class='ocrx_word' id='word_1_114' title='bbox 1134 1831 1214 1904; x_wconf 90' lang='lat' dir='ltr'><strong>quod</strong></span> <span class='ocrx_word' id='word_1_115' title='bbox 1231 1848 1335 1888; x_wconf 90' lang='lat' dir='ltr'><strong>omnes</strong></span> <span class='ocrx_word' id='word_1_116' title='bbox 1353 1831 1473 1888; x_wconf 88' lang='lat' dir='ltr'><strong>scirent.</strong></span> 
     </span>
     <span class='ocr_line' id='line_1_14' title="bbox 352 1932 1474 2009; baseline 0.001 -20"><span class='ocrx_word' id='word_1_117' title='bbox 352 1932 386 1990; x_wconf 93' lang='lat' dir='ltr'><strong>ln</strong></span> <span class='ocrx_word' id='word_1_118' title='bbox 410 1935 452 1992; x_wconf 88' lang='lat' dir='ltr'><strong>eis</strong></span> <span class='ocrx_word' id='word_1_119' title='bbox 475 1939 599 2008; x_wconf 86' lang='lat' dir='ltr'><strong>tantum,</strong></span> <span class='ocrx_word' id='word_1_120' title='bbox 622 1934 730 2009; x_wconf 88' lang='lat' dir='ltr'><strong>quibus</strong></span> <span class='ocrx_word' id='word_1_121' title='bbox 753 1934 801 1991; x_wconf 91' lang='lat' dir='ltr'><strong>vel</strong></span> <span class='ocrx_word' id='word_1_122' title='bbox 816 1936 948 2009; x_wconf 89' lang='lat' dir='ltr'><strong>gratuito</strong></span> <span class='ocrx_word' id='word_1_123' title='bbox 964 1935 1014 1990; x_wconf 93' lang='lat' dir='ltr'><strong>vel</strong></span> <span class='ocrx_word' id='word_1_124' title='bbox 1026 1935 1134 1991; x_wconf 86' lang='lat' dir='ltr'><strong>iterum</strong></span> <span class='ocrx_word' id='word_1_125' title='bbox 1151 1934 1299 1991; x_wconf 90' lang='lat' dir='ltr'><strong>seviratus</strong></span> <span class='ocrx_word' id='word_1_126' title='bbox 1316 1933 1474 2009; x_wconf 86' lang='lat' dir='ltr'><strong>obtigerat,</strong></span> 
     </span>
     <span class='ocr_line' id='line_1_15' title="bbox 352 2035 1474 2114; baseline -0.002 -21"><span class='ocrx_word' id='word_1_127' title='bbox 352 2054 418 2093; x_wconf 89' lang='lat' dir='ltr'><strong>eum</strong></span> <span class='ocrx_word' id='word_1_128' title='bbox 441 2038 512 2095; x_wconf 91' lang='lat' dir='ltr'><strong>satis</strong></span> <span class='ocrx_word' id='word_1_129' title='bbox 535 2054 603 2095; x_wconf 88' lang='lat' dir='ltr'><strong>raro</strong></span> <span class='ocrx_word' id='word_1_130' title='bbox 627 2036 712 2095; x_wconf 89' lang='lat' dir='ltr'><strong>fieret</strong></span> <span class='ocrx_word' id='word_1_131' title='bbox 742 2043 831 2112; x_wconf 90' lang='lat' dir='ltr'><strong>atque</strong></span> <span class='ocrx_word' id='word_1_132' title='bbox 864 2041 989 2114; x_wconf 85' lang='lat' dir='ltr'><strong>augeret</strong></span> <span class='ocrx_word' id='word_1_133' title='bbox 1018 2036 1175 2112; x_wconf 89' lang='lat' dir='ltr'><strong>honorem,</strong></span> <span class='ocrx_word' id='word_1_134' title='bbox 1205 2035 1400 2094; x_wconf 89' lang='lat' dir='ltr'><strong>decurionum</strong></span> <span class='ocrx_word' id='word_1_135' title='bbox 1424 2035 1474 2091; x_wconf 90' lang='lat' dir='ltr'><strong>de·</strong></span> 
     </span>
     <span class='ocr_line' id='line_1_16' title="bbox 352 2134 1473 2213; baseline -0.002 -18"><span class='ocrx_word' id='word_1_136' title='bbox 352 2144 433 2196; x_wconf 88' lang='lat' dir='ltr'><strong>creto</strong></span> <span class='ocrx_word' id='word_1_137' title='bbox 464 2139 494 2196; x_wconf 94' lang='lat' dir='ltr'><strong>id</strong></span> <span class='ocrx_word' id='word_1_138' title='bbox 527 2139 637 2196; x_wconf 84' lang='lat' dir='ltr'><strong>factum</strong></span> <span class='ocrx_word' id='word_1_139' title='bbox 673 2156 739 2197; x_wconf 86' lang='lat' dir='ltr'><strong>esso</strong></span> <span class='ocrx_word' id='word_1_140' title='bbox 774 2138 922 2195; x_wconf 88' lang='lat' dir='ltr'><strong>interdum</strong></span> <span class='ocrx_word' id='word_1_141' title='bbox 959 2156 1101 2213; x_wconf 84' lang='lat' dir='ltr'><strong>expresse</strong></span> <span class='ocrx_word' id='word_1_142' title='bbox 1135 2134 1369 2206; x_wconf 73' lang='lat' dir='ltr'><strong>adnotabatur.³)</strong></span> <span class='ocrx_word' id='word_1_143' title='bbox 1414 2135 1473 2194; x_wconf 81' lang='lat' dir='ltr'><strong>Sed</strong></span> 
     </span>
     <span class='ocr_line' id='line_1_17' title="bbox 352 2239 1557 2316; baseline -0.002 -19"><span class='ocrx_word' id='word_1_144' title='bbox 352 2240 459 2315; x_wconf 88' lang='lat' dir='ltr'><strong>quibus</strong></span> <span class='ocrx_word' id='word_1_145' title='bbox 487 2245 620 2316; x_wconf 89' lang='lat' dir='ltr'><strong>potestas</strong></span> <span class='ocrx_word' id='word_1_146' title='bbox 653 2241 709 2298; x_wconf 89' lang='lat' dir='ltr'><strong>fuit</strong></span> <span class='ocrx_word' id='word_1_147' title='bbox 738 2239 843 2297; x_wconf 89' lang='lat' dir='ltr'><strong>iterum</strong></span> <span class='ocrx_word' id='word_1_148' title='bbox 874 2241 922 2298; x_wconf 92' lang='lat' dir='ltr'><strong>vel</strong></span> <span class='ocrx_word' id='word_1_149' title='bbox 952 2241 1082 2314; x_wconf 90' lang='lat' dir='ltr'><strong>gratuito</strong></span> <span class='ocrx_word' id='word_1_150' title='bbox 1116 2240 1279 2316; x_wconf 88' lang='lat' dir='ltr'><strong>deferendi,</strong></span> <span class='ocrx_word' id='word_1_151' title='bbox 1312 2239 1473 2297; x_wconf 88' lang='lat' dir='ltr'><strong>seviratum</strong></span> <span class='ocrx_word' id='word_1_152' title='bbox 1554 2279 1557 2284; x_wconf 86' lang='lat'>-</span> 
     </span>
     <span class='ocr_line' id='line_1_18' title="bbox 261 2339 1473 2416; baseline -0.002 -16"><span class='ocrx_word' id='word_1_153' title='bbox 261 2403 266 2411; x_wconf 67' lang='grc'><em>,</em></span> <span class='ocrx_word' id='word_1_154' title='bbox 351 2343 461 2400; x_wconf 88' lang='lat' dir='ltr'><strong>eisdem</strong></span> <span class='ocrx_word' id='word_1_155' title='bbox 486 2344 604 2401; x_wconf 90' lang='lat' dir='ltr'><strong>omnino</strong></span> <span class='ocrx_word' id='word_1_156' title='bbox 628 2344 756 2400; x_wconf 89' lang='lat' dir='ltr'><strong>sevirum</strong></span> <span class='ocrx_word' id='word_1_157' title='bbox 781 2342 955 2400; x_wconf 88' lang='lat' dir='ltr'><strong>electionem</strong></span> <span class='ocrx_word' id='word_1_158' title='bbox 979 2343 1163 2400; x_wconf 89' lang='lat' dir='ltr'><strong>commissam</strong></span> <span class='ocrx_word' id='word_1_159' title='bbox 1188 2359 1252 2400; x_wconf 86' lang='lat' dir='ltr'><strong>csse</strong></span> <span class='ocrx_word' id='word_1_160' title='bbox 1277 2343 1343 2416; x_wconf 90' lang='lat' dir='ltr'><strong>quis</strong></span> <span class='ocrx_word' id='word_1_161' title='bbox 1360 2339 1473 2416; x_wconf 89' lang='lat' dir='ltr'><strong>estqui</strong></span> 
     </span>
     <span class='ocr_line' id='line_1_19' title="bbox 351 2444 1473 2518; baseline -0.001 -17"><span class='ocrx_word' id='word_1_162' title='bbox 351 2463 409 2503; x_wconf 93' lang='lat' dir='ltr'><strong>non</strong></span> <span class='ocrx_word' id='word_1_163' title='bbox 445 2445 567 2504; x_wconf 84' lang='lat' dir='ltr'><strong>videat?</strong></span> <span class='ocrx_word' id='word_1_164' title='bbox 604 2446 669 2502; x_wconf 91' lang='lat' dir='ltr'><strong>Nec</strong></span> <span class='ocrx_word' id='word_1_165' title='bbox 699 2444 795 2501; x_wconf 88' lang='lat' dir='ltr'><strong>minus</strong></span> <span class='ocrx_word' id='word_1_166' title='bbox 836 2445 942 2518; x_wconf 88' lang='lat' dir='ltr'><strong>quibus</strong></span> <span class='ocrx_word' id='word_1_167' title='bbox 979 2445 1062 2502; x_wconf 91' lang='lat' dir='ltr'><strong>licuit</strong></span> <span class='ocrx_word' id='word_1_168' title='bbox 1099 2446 1231 2502; x_wconf 86' lang='lat' dir='ltr'><strong>seviratu</strong></span> <span class='ocrx_word' id='word_1_169' title='bbox 1263 2461 1322 2501; x_wconf 89' lang='lat' dir='ltr'><strong>non</strong></span> <span class='ocrx_word' id='word_1_170' title='bbox 1354 2444 1473 2501; x_wconf 80' lang='lat' dir='ltr'><strong>iunctos</strong></span> 
     </span>
     <span class='ocr_line' id='line_1_20' title="bbox 352 2544 1472 2622; baseline -0.003 -18"><span class='ocrx_word' id='word_1_171' title='bbox 352 2549 582 2620; x_wconf 86' lang='lat' dir='ltr'><strong>Augustalitatis</strong></span> <span class='ocrx_word' id='word_1_172' title='bbox 605 2546 767 2622; x_wconf 90' lang='lat' dir='ltr'><strong>privilegiis</strong></span> <span class='ocrx_word' id='word_1_173' title='bbox 791 2546 903 2603; x_wconf 85' lang='lat' dir='ltr'><strong>donare</strong></span> <span class='ocrx_word' id='word_1_174' title='bbox 927 2544 975 2618; x_wconf 89' lang='lat' dir='ltr'><strong>(cf.</strong></span> <span class='ocrx_word' id='word_1_175' title='bbox 1000 2547 1095 2604; x_wconf 92' lang='lat' dir='ltr'><strong>Wilm.</strong></span> <span class='ocrx_word' id='word_1_176' title='bbox 1113 2549 1217 2622; x_wconf 78' lang='lat'><strong>2079),</strong></span> <span class='ocrx_word' id='word_1_177' title='bbox 1240 2546 1276 2603; x_wconf 92' lang='lat' dir='ltr'><strong>ab</strong></span> <span class='ocrx_word' id='word_1_178' title='bbox 1300 2563 1402 2602; x_wconf 91' lang='lat' dir='ltr'><strong>corum</strong></span> <span class='ocrx_word' id='word_1_179' title='bbox 1426 2563 1472 2602; x_wconf 88' lang='lat' dir='ltr'><strong>ar·</strong></span> 
     </span>
     <span class='ocr_line' id='line_1_21' title="bbox 350 2647 1472 2723; baseline -0.004 -15"><span class='ocrx_word' id='word_1_180' title='bbox 350 2651 438 2708; x_wconf 87' lang='lat' dir='ltr'><strong>bitrio</strong></span> <span class='ocrx_word' id='word_1_181' title='bbox 463 2652 583 2710; x_wconf 87' lang='lat' dir='ltr'><strong>omniuo</strong></span> <span class='ocrx_word' id='word_1_182' title='bbox 608 2650 697 2707; x_wconf 88' lang='lat' dir='ltr'><strong>totius</strong></span> <span class='ocrx_word' id='word_1_183' title='bbox 720 2649 846 2706; x_wconf 89' lang='lat' dir='ltr'><strong>instituti</strong></span> <span class='ocrx_word' id='word_1_184' title='bbox 870 2648 1003 2706; x_wconf 88' lang='lat' dir='ltr'><strong>ordinem</strong></span> <span class='ocrx_word' id='word_1_185' title='bbox 1032 2648 1213 2723; x_wconf 87' lang='lat' dir='ltr'><strong>pependisse</strong></span> <span class='ocrx_word' id='word_1_186' title='bbox 1237 2647 1395 2705; x_wconf 90' lang='lat' dir='ltr'><strong>verisimile</strong></span> <span class='ocrx_word' id='word_1_187' title='bbox 1419 2650 1472 2721; x_wconf 82' lang='lat' dir='ltr'><strong>est.</strong></span> 
     </span>
     <span class='ocr_line' id='line_1_22' title="bbox 348 2751 1473 2830; baseline -0.006 -18"><span class='ocrx_word' id='word_1_188' title='bbox 348 2753 417 2812; x_wconf 85' lang='lat' dir='ltr'><strong>Alia</strong></span> <span class='ocrx_word' id='word_1_189' title='bbox 446 2756 633 2830; x_wconf 89' lang='lat' dir='ltr'><strong>argumenta,</strong></span> <span class='ocrx_word' id='word_1_190' title='bbox 666 2769 742 2825; x_wconf 90' lang='lat' dir='ltr'><strong>quae</strong></span> <span class='ocrx_word' id='word_1_191' title='bbox 766 2751 927 2808; x_wconf 85' lang='lat' dir='ltr'><strong>Henzenus</strong></span> <span class='ocrx_word' id='word_1_192' title='bbox 955 2751 1068 2826; x_wconf 89' lang='lat' dir='ltr'><strong>attulit,</strong></span> <span class='ocrx_word' id='word_1_193' title='bbox 1104 2767 1169 2807; x_wconf 92' lang='lat' dir='ltr'><strong>cum</strong></span> <span class='ocrx_word' id='word_1_194' title='bbox 1203 2751 1338 2824; x_wconf 82' lang='lat' dir='ltr'><strong>repetere</strong></span> <span class='ocrx_word' id='word_1_195' title='bbox 1370 2765 1473 2824; x_wconf 83' lang='lat' dir='ltr'><strong>super·</strong></span> 
     </span>
     <span class='ocr_line' id='line_1_23' title="bbox 347 2850 1475 2932; baseline -0.005 -18"><span class='ocrx_word' id='word_1_196' title='bbox 347 2855 478 2932; x_wconf 87' lang='lat' dir='ltr'><strong>sedeam,</strong></span> <span class='ocrx_word' id='word_1_197' title='bbox 501 2855 532 2912; x_wconf 93' lang='lat' dir='ltr'><strong>in</strong></span> <span class='ocrx_word' id='word_1_198' title='bbox 555 2872 614 2910; x_wconf 93' lang='lat' dir='ltr'><strong>uno</strong></span> <span class='ocrx_word' id='word_1_199' title='bbox 637 2853 802 2928; x_wconf 89' lang='lat' dir='ltr'><strong>paullulum</strong></span> <span class='ocrx_word' id='word_1_200' title='bbox 827 2851 1047 2928; x_wconf 85' lang='lat' dir='ltr'><strong>commorabor,</strong></span> <span class='ocrx_word' id='word_1_201' title='bbox 1073 2850 1152 2926; x_wconf 87' lang='lat' dir='ltr'><strong>qnod</strong></span> <span class='ocrx_word' id='word_1_202' title='bbox 1177 2851 1226 2909; x_wconf 91' lang='lat' dir='ltr'><strong>ille</strong></span> <span class='ocrx_word' id='word_1_203' title='bbox 1254 2850 1322 2908; x_wconf 93' lang='lat' dir='ltr'><strong>mihi</strong></span> <span class='ocrx_word' id='word_1_204' title='bbox 1354 2850 1475 2909; x_wconf 89' lang='lat' dir='ltr'><strong>videtur</strong></span> 
     </span>
     <span class='ocr_line' id='line_1_24' title="bbox 311 2932 1543 3033; baseline -0.002 -22"><span class='ocrx_word' id='word_1_205' title='bbox 311 3007 313 3011; x_wconf 76' lang='grc'>,</span> <span class='ocrx_word' id='word_1_206' title='bbox 348 2975 454 3033; x_wconf 91' lang='lat' dir='ltr'><strong>parum</strong></span> <span class='ocrx_word' id='word_1_207' title='bbox 477 2957 639 3032; x_wconf 88' lang='lat' dir='ltr'><strong>pressisse:</strong></span> <span class='ocrx_word' id='word_1_208' title='bbox 678 2954 743 3012; x_wconf 88' lang='lat' dir='ltr'><strong>dico</strong></span> <span class='ocrx_word' id='word_1_209' title='bbox 776 2955 817 3012; x_wconf 92' lang='lat' dir='ltr'><strong>eis</strong></span> <span class='ocrx_word' id='word_1_210' title='bbox 842 2958 956 3012; x_wconf 90' lang='lat' dir='ltr'><strong>tantum</strong></span> <span class='ocrx_word' id='word_1_211' title='bbox 980 2953 1110 3011; x_wconf 89' lang='lat' dir='ltr'><strong>sevirum</strong></span> <span class='ocrx_word' id='word_1_212' title='bbox 1142 2953 1318 3011; x_wconf 90' lang='lat' dir='ltr'><strong>electionem</strong></span> <span class='ocrx_word' id='word_1_213' title='bbox 1340 2953 1474 3026; x_wconf 85' lang='lat' dir='ltr'><strong>potuisse</strong></span> <span class='ocrx_word' id='word_1_214' title='bbox 1536 2932 1543 2941; x_wconf 39' lang='lat'><strong><em>¹</em></strong></span> 
     </span>
     <span class='ocr_line' id='line_1_25' title="bbox 352 3054 1474 3138; baseline -0.004 -23"><span class='ocrx_word' id='word_1_215' title='bbox 352 3058 496 3135; x_wconf 91' lang='lat' dir='ltr'><strong>mandari,</strong></span> <span class='ocrx_word' id='word_1_216' title='bbox 520 3059 629 3134; x_wconf 91' lang='lat' dir='ltr'><strong>quibus</strong></span> <span class='ocrx_word' id='word_1_217' title='bbox 653 3058 740 3115; x_wconf 87' lang='lat' dir='ltr'><strong>etiam</strong></span> <span class='ocrx_word' id='word_1_218' title='bbox 764 3060 898 3130; x_wconf 89' lang='lat' dir='ltr'><strong>potestas</strong></span> <span class='ocrx_word' id='word_1_219' title='bbox 917 3061 1000 3138; x_wconf 14' lang='lat' dir='ltr'><strong>,esset</strong></span> <span class='ocrx_word' id='word_1_220' title='bbox 1022 3055 1157 3131; x_wconf 90' lang='lat' dir='ltr'><strong>cogendi,</strong></span> <span class='ocrx_word' id='word_1_221' title='bbox 1180 3059 1213 3113; x_wconf 88' lang='lat' dir='ltr'><strong>ut</strong></span> <span class='ocrx_word' id='word_1_222' title='bbox 1229 3055 1313 3113; x_wconf 90' lang='lat' dir='ltr'><strong>electi</strong></span> <span class='ocrx_word' id='word_1_223' title='bbox 1331 3054 1474 3115; x_wconf 85' lang='lat' dir='ltr'><strong>honorem</strong></span> 
     </span>
     <span class='ocr_line' id='line_1_26' title="bbox 277 3157 1474 3234; baseline -0.003 -16"><span class='ocrx_word' id='word_1_224' title='bbox 277 3184 279 3187; x_wconf 50' lang='lat'><strong><em>¹</em></strong></span> <span class='ocrx_word' id='word_1_225' title='bbox 351 3159 494 3218; x_wconf 89' lang='lat' dir='ltr'><strong>subirent.</strong></span> <span class='ocrx_word' id='word_1_226' title='bbox 538 3160 615 3218; x_wconf 87' lang='lat' dir='ltr'><strong>Nam</strong></span> <span class='ocrx_word' id='word_1_227' title='bbox 639 3159 777 3234; x_wconf 89' lang='lat' dir='ltr'><strong>quoniam</strong></span> <span class='ocrx_word' id='word_1_228' title='bbox 807 3159 949 3216; x_wconf 87' lang='lat' dir='ltr'><strong>seviratui</strong></span> <span class='ocrx_word' id='word_1_229' title='bbox 978 3176 1070 3216; x_wconf 91' lang='lat' dir='ltr'><strong>onera</strong></span> <span class='ocrx_word' id='word_1_230' title='bbox 1101 3161 1187 3214; x_wconf 91' lang='lat' dir='ltr'><strong>erant</strong></span> <span class='ocrx_word' id='word_1_231' title='bbox 1216 3157 1367 3232; x_wconf 90' lang='lat' dir='ltr'><strong>iniuncta,</strong></span> <span class='ocrx_word' id='word_1_232' title='bbox 1397 3172 1474 3231; x_wconf 85' lang='lat' dir='ltr'><strong>quae</strong></span> 
     </span>
     <span class='ocr_line' id='line_1_27' title="bbox 351 3259 1474 3338; baseline -0.004 -18"><span class='ocrx_word' id='word_1_233' title='bbox 351 3262 493 3338; x_wconf 84' lang='lat' dir='ltr'><strong>temporis</strong></span> <span class='ocrx_word' id='word_1_234' title='bbox 516 3279 679 3338; x_wconf 84' lang='lat' dir='ltr'><strong>progressu</strong></span> <span class='ocrx_word' id='word_1_235' title='bbox 703 3263 797 3337; x_wconf 87' lang='lat' dir='ltr'><strong>magis</strong></span> <span class='ocrx_word' id='word_1_236' title='bbox 821 3262 974 3336; x_wconf 85' lang='lat' dir='ltr'><strong>magisque</strong></span> <span class='ocrx_word' id='word_1_237' title='bbox 998 3260 1109 3317; x_wconf 89' lang='lat' dir='ltr'><strong>fiebant</strong></span> <span class='ocrx_word' id='word_1_238' title='bbox 1132 3259 1287 3335; x_wconf 86' lang='lat' dir='ltr'><strong>graviora,</strong></span> <span class='ocrx_word' id='word_1_239' title='bbox 1318 3263 1474 3317; x_wconf 87' lang='lat' dir='ltr'><strong>consenta-</strong></span> 
     </span>
     <span class='ocr_line' id='line_1_28' title="bbox 352 3351 1475 3441; baseline -0.003 -20"><span class='ocrx_word' id='word_1_240' title='bbox 352 3382 440 3422; x_wconf 90' lang='lat' dir='ltr'><strong>neum</strong></span> <span class='ocrx_word' id='word_1_241' title='bbox 464 3370 509 3422; x_wconf 89' lang='lat' dir='ltr'><strong>cst</strong></span> <span class='ocrx_word' id='word_1_242' title='bbox 531 3365 697 3441; x_wconf 88' lang='lat' dir='ltr'><strong>posteriore</strong></span> <span class='ocrx_word' id='word_1_243' title='bbox 721 3351 840 3440; x_wconf 88' lang='lat' dir='ltr'><strong>quidem</strong></span> <span class='ocrx_word' id='word_1_244' title='bbox 863 3367 961 3421; x_wconf 87' lang='lat' dir='ltr'><strong>aetate</strong></span> <span class='ocrx_word' id='word_1_245' title='bbox 985 3351 1092 3420; x_wconf 87' lang='lat' dir='ltr'><strong>multos</strong></span> <span class='ocrx_word' id='word_1_246' title='bbox 1123 3363 1284 3420; x_wconf 86' lang='lat' dir='ltr'><strong>seviratum</strong></span> <span class='ocrx_word' id='word_1_247' title='bbox 1309 3361 1421 3435; x_wconf 85' lang='lat' dir='ltr'><strong>fugisse</strong></span> <span class='ocrx_word' id='word_1_248' title='bbox 1445 3363 1475 3418; x_wconf 89' lang='lat' dir='ltr'><strong>ct</strong></span> 
     </span>
     <span class='ocr_line' id='line_1_29' title="bbox 352 3464 1474 3542; baseline -0.005 -18"><span class='ocrx_word' id='word_1_249' title='bbox 352 3485 389 3526; x_wconf 90' lang='lat' dir='ltr'><strong>ne</strong></span> <span class='ocrx_word' id='word_1_250' title='bbox 413 3467 546 3525; x_wconf 90' lang='lat' dir='ltr'><strong>oblatum</strong></span> <span class='ocrx_word' id='word_1_251' title='bbox 577 3466 696 3542; x_wconf 90' lang='lat' dir='ltr'><strong>quidem</strong></span> <span class='ocrx_word' id='word_1_252' title='bbox 730 3470 837 3541; x_wconf 90' lang='lat' dir='ltr'><strong>sponte</strong></span> <span class='ocrx_word' id='word_1_253' title='bbox 870 3466 1031 3541; x_wconf 88' lang='lat' dir='ltr'><strong>accepisse.</strong></span> <span class='ocrx_word' id='word_1_254' title='bbox 1075 3465 1166 3524; x_wconf 80' lang='lat' dir='ltr'><strong>Cuius</strong></span> <span class='ocrx_word' id='word_1_255' title='bbox 1199 3464 1242 3522; x_wconf 93' lang='lat' dir='ltr'><strong>rei</strong></span> <span class='ocrx_word' id='word_1_256' title='bbox 1273 3464 1474 3522; x_wconf 90' lang='lat' dir='ltr'><strong>testimonium</strong></span> 
     </span>
    </p>
   </div>
   <div class='ocr_carea' id='block_1_5' title="bbox 299 3647 1476 4554">
    <p class='ocr_par' dir='ltr' id='par_1_5' title="bbox 299 3647 1476 4554">
     <span class='ocr_line' id='line_1_30' title="bbox 438 3647 596 3711; baseline 0 -15"><span class='ocrx_word' id='word_1_257' title='bbox 438 3647 459 3711; x_wconf 87' lang='lat'><strong>¹)</strong></span> <span class='ocrx_word' id='word_1_258' title='bbox 476 3661 502 3711; x_wconf 92' lang='lat' dir='ltr'><strong>p.</strong></span> <span class='ocrx_word' id='word_1_259' title='bbox 515 3647 564 3698; x_wconf 82' lang='lat'><strong>303</strong></span> <span class='ocrx_word' id='word_1_260' title='bbox 575 3661 596 3697; x_wconf 91' lang='lat' dir='ltr'><strong>s.</strong></span> 
     </span>
     <span class='ocr_line' id='line_1_31' title="bbox 308 3714 1474 3798; baseline -0.003 -16"><span class='ocrx_word' id='word_1_261' title='bbox 308 3716 312 3729; x_wconf 64' lang='lat'><strong><em>¹</em></strong></span> <span class='ocrx_word' id='word_1_262' title='bbox 382 3714 386 3720; x_wconf 45' lang='grc'><em>’</em></span> <span class='ocrx_word' id='word_1_263' title='bbox 436 3733 457 3790; x_wconf 69' lang='lat'><strong>²}</strong></span> <span class='ocrx_word' id='word_1_264' title='bbox 477 3729 512 3782; x_wconf 83' lang='lat' dir='ltr'><strong>cf.</strong></span> <span class='ocrx_word' id='word_1_265' title='bbox 527 3746 552 3797; x_wconf 94' lang='lat' dir='ltr'><strong>p.</strong></span> <span class='ocrx_word' id='word_1_266' title='bbox 571 3736 632 3783; x_wconf 73' lang='lat'><strong>304:</strong></span> <span class='ocrx_word' id='word_1_267' title='bbox 652 3729 712 3793; x_wconf 80' lang='lat' dir='ltr'><strong>„ich</strong></span> <span class='ocrx_word' id='word_1_268' title='bbox 731 3730 818 3784; x_wconf 72' lang='lat' dir='ltr'><strong>selbot</strong></span> <span class='ocrx_word' id='word_1_269' title='bbox 835 3729 906 3784; x_wconf 77' lang='lat' dir='ltr'><strong>bubo</strong></span> <span class='ocrx_word' id='word_1_270' title='bbox 923 3730 959 3782; x_wconf 81' lang='lat' dir='ltr'><strong>im</strong></span> <span class='ocrx_word' id='word_1_271' title='bbox 979 3729 1075 3798; x_wconf 68' lang='lat' dir='ltr'><strong>obtqua</strong></span> <span class='ocrx_word' id='word_1_272' title='bbox 1094 3745 1152 3782; x_wconf 79' lang='lat' dir='ltr'><strong>mer·</strong></span> <span class='ocrx_word' id='word_1_273' title='bbox 1175 3727 1221 3782; x_wconf 84' lang='lat' dir='ltr'><strong>die</strong></span> <span class='ocrx_word' id='word_1_274' title='bbox 1238 3725 1474 3795; x_wconf 76' lang='lat' dir='ltr'><strong>sobruicriplceitca</strong></span> 
     </span>
     <span class='ocr_line' id='line_1_32' title="bbox 299 3803 1476 3870; baseline -0.004 -1"><span class='ocrx_word' id='word_1_275' title='bbox 299 3803 302 3807; x_wconf 53' lang='grc'>’</span> <span class='ocrx_word' id='word_1_276' title='bbox 351 3814 411 3869; x_wconf 72' lang='lat' dir='ltr'><strong>ulid</strong></span> <span class='ocrx_word' id='word_1_277' title='bbox 439 3812 743 3870; x_wconf 68' lang='lat' dir='ltr'><strong>inorscnetao&#39;colceiteu</strong></span> <span class='ocrx_word' id='word_1_278' title='bbox 774 3814 1049 3869; x_wconf 79' lang='lat' dir='ltr'><strong>cuscirtaudersczea</strong></span> <span class='ocrx_word' id='word_1_279' title='bbox 1079 3813 1123 3868; x_wconf 81' lang='lat' dir='ltr'><strong>als</strong></span> <span class='ocrx_word' id='word_1_280' title='bbox 1148 3814 1192 3867; x_wconf 79' lang='lat' dir='ltr'><strong>ein</strong></span> <span class='ocrx_word' id='word_1_281' title='bbox 1223 3812 1362 3866; x_wconf 74' lang='lat' dir='ltr'><strong>destinates</strong></span> <span class='ocrx_word' id='word_1_282' title='bbox 1391 3810 1476 3865; x_wconf 79' lang='lat' dir='ltr'><strong>urteil</strong></span> 
     </span>
     <span class='ocr_line' id='line_1_33' title="bbox 351 3899 612 3972; baseline -0.008 -18"><span class='ocrx_word' id='word_1_283' title='bbox 351 3899 473 3972; x_wconf 72' lang='lat' dir='ltr'><strong>abpebea</strong></span> <span class='ocrx_word' id='word_1_284' title='bbox 490 3900 612 3954; x_wconf 79' lang='lat' dir='ltr'><strong>moden.“</strong></span> 
     </span>
     <span class='ocr_line' id='line_1_34' title="bbox 436 3982 1473 4055; baseline -0.002 -17"><span class='ocrx_word' id='word_1_285' title='bbox 436 3990 457 4047; x_wconf 73' lang='lat'><strong>³)</strong></span> <span class='ocrx_word' id='word_1_286' title='bbox 477 3986 526 4051; x_wconf 88' lang='lat' dir='ltr'><strong>lll,</strong></span> <span class='ocrx_word' id='word_1_287' title='bbox 554 3991 629 4040; x_wconf 80' lang='lat' dir='ltr'><strong>loll:</strong></span> <span class='ocrx_word' id='word_1_288' title='bbox 656 4026 687 4038; x_wconf 88' lang='lat'><strong>..</strong></span> <span class='ocrx_word' id='word_1_289' title='bbox 712 3985 861 4055; x_wconf 76' lang='lat' dir='ltr'><strong>Artprtstol.</strong></span> <span class='ocrx_word' id='word_1_290' title='bbox 888 3985 937 4039; x_wconf 84' lang='lat' dir='ltr'><strong>eol.</strong></span> <span class='ocrx_word' id='word_1_291' title='bbox 960 3984 1038 4053; x_wconf 66' lang='lat' dir='ltr'><strong>[aar.</strong></span> <span class='ocrx_word' id='word_1_292' title='bbox 1061 4001 1105 4055; x_wconf 73' lang='lat' dir='ltr'><strong>pr.</strong></span> <span class='ocrx_word' id='word_1_293' title='bbox 1120 3984 1180 4054; x_wconf 53' lang='grc' dir='ltr'><strong>βλ]</strong></span> <span class='ocrx_word' id='word_1_294' title='bbox 1205 4003 1222 4038; x_wconf 88' lang='lat' dir='ltr'><strong>a</strong></span> <span class='ocrx_word' id='word_1_295' title='bbox 1247 3982 1473 4054; x_wconf 80' lang='lat' dir='ltr'><strong>splendidissimo</strong></span> 
     </span>
     <span class='ocr_line' id='line_1_35' title="bbox 351 4067 1473 4139; baseline -0.003 -16"><span class='ocrx_word' id='word_1_296' title='bbox 351 4071 458 4125; x_wconf 82' lang='lat' dir='ltr'><strong>ordine.</strong></span> <span class='ocrx_word' id='word_1_297' title='bbox 494 4072 543 4138; x_wconf 89' lang='lat' dir='ltr'><strong>lll,</strong></span> <span class='ocrx_word' id='word_1_298' title='bbox 562 4075 642 4124; x_wconf 71' lang='lat'>6294:</span> <span class='ocrx_word' id='word_1_299' title='bbox 667 4113 673 4125; x_wconf 90' lang='lat'><strong>.</strong></span> <span class='ocrx_word' id='word_1_300' title='bbox 693 4113 699 4123; x_wconf 86' lang='lat'><strong>.</strong></span> <span class='ocrx_word' id='word_1_301' title='bbox 718 4072 888 4125; x_wconf 76' lang='lat' dir='ltr'><strong>irumuuitatc</strong></span> <span class='ocrx_word' id='word_1_302' title='bbox 906 4070 1020 4137; x_wconf 77' lang='lat' dir='ltr'><strong>crzunerl</strong></span> <span class='ocrx_word' id='word_1_303' title='bbox 1023 4087 1067 4122; x_wconf 84' lang='lat' dir='ltr'><strong>um</strong></span> <span class='ocrx_word' id='word_1_304' title='bbox 1070 4071 1085 4138; x_wconf 82' lang='lat' dir='ltr'><strong><em>J</em></strong></span> <span class='ocrx_word' id='word_1_305' title='bbox 1101 4069 1203 4139; x_wconf 79' lang='lat' dir='ltr'><strong>publio.</strong></span> <span class='ocrx_word' id='word_1_306' title='bbox 1222 4085 1355 4124; x_wconf 82' lang='lat' dir='ltr'><strong>concessa</strong></span> <span class='ocrx_word' id='word_1_307' title='bbox 1373 4067 1408 4120; x_wconf 82' lang='lat' dir='ltr'><strong>ab</strong></span> <span class='ocrx_word' id='word_1_308' title='bbox 1428 4083 1473 4120; x_wconf 90' lang='lat' dir='ltr'><strong>or·</strong></span> 
     </span>
     <span class='ocr_line' id='line_1_36' title="bbox 351 4154 1475 4210; baseline -0.004 0"><span class='ocrx_word' id='word_1_309' title='bbox 351 4157 415 4210; x_wconf 73' lang='lat' dir='ltr'><strong>(tinae</strong></span> <span class='ocrx_word' id='word_1_310' title='bbox 434 4157 485 4210; x_wconf 85' lang='lat' dir='ltr'><strong>col.</strong></span> <span class='ocrx_word' id='word_1_311' title='bbox 505 4157 591 4210; x_wconf 77' lang='lat' dir='ltr'><strong>ciusd.</strong></span> <span class='ocrx_word' id='word_1_312' title='bbox 628 4157 648 4209; x_wconf 91' lang='lat' dir='ltr'><strong>I.</strong></span> <span class='ocrx_word' id='word_1_313' title='bbox 663 4158 694 4210; x_wconf 92' lang='lat' dir='ltr'><strong>N.</strong></span> <span class='ocrx_word' id='word_1_314' title='bbox 714 4162 793 4209; x_wconf 68' lang='lat'><strong>3043:</strong></span> <span class='ocrx_word' id='word_1_315' title='bbox 814 4196 820 4208; x_wconf 88' lang='lat'><strong>.</strong></span> <span class='ocrx_word' id='word_1_316' title='bbox 840 4197 845 4207; x_wconf 95' lang='lat'>.</span> <span class='ocrx_word' id='word_1_317' title='bbox 867 4156 935 4208; x_wconf 84' lang='lat' dir='ltr'><strong>Huic</strong></span> <span class='ocrx_word' id='word_1_318' title='bbox 954 4155 1024 4207; x_wconf 82' lang='lat' dir='ltr'><strong>ordo</strong></span> <span class='ocrx_word' id='word_1_319' title='bbox 1044 4155 1222 4208; x_wconf 79' lang='lat' dir='ltr'><strong>decurionum</strong></span> <span class='ocrx_word' id='word_1_320' title='bbox 1242 4155 1275 4208; x_wconf 81' lang='lat' dir='ltr'><strong>ob</strong></span> <span class='ocrx_word' id='word_1_321' title='bbox 1298 4154 1396 4208; x_wconf 80' lang='lat' dir='ltr'><strong>meritc</strong></span> <span class='ocrx_word' id='word_1_322' title='bbox 1415 4154 1475 4206; x_wconf 80' lang='lat' dir='ltr'><strong>eius</strong></span> 
     </span>
     <span class='ocr_line' id='line_1_37' title="bbox 350 4238 1474 4312; baseline -0.003 -19"><span class='ocrx_word' id='word_1_323' title='bbox 350 4241 484 4295; x_wconf 81' lang='lat' dir='ltr'><strong>bonorem</strong></span> <span class='ocrx_word' id='word_1_324' title='bbox 513 4243 724 4312; x_wconf 78' lang='lat' dir='ltr'><strong>Aupnstulitutis</strong></span> <span class='ocrx_word' id='word_1_325' title='bbox 756 4242 909 4311; x_wconf 75' lang='lat' dir='ltr'><strong>preteritum</strong></span> <span class='ocrx_word' id='word_1_326' title='bbox 938 4240 1059 4293; x_wconf 74' lang='lat' dir='ltr'><strong>decreuit</strong></span> <span class='ocrx_word' id='word_1_327' title='bbox 1083 4280 1088 4291; x_wconf 92' lang='lat'><em>.</em></span> <span class='ocrx_word' id='word_1_328' title='bbox 1108 4281 1114 4291; x_wconf 91' lang='lat'>.</span> <span class='ocrx_word' id='word_1_329' title='bbox 1138 4240 1205 4293; x_wconf 87' lang='lat' dir='ltr'><strong>ibid.</strong></span> <span class='ocrx_word' id='word_1_330' title='bbox 1231 4246 1304 4292; x_wconf 57' lang='lat' dir='ltr'><strong>illisit.</strong></span> <span class='ocrx_word' id='word_1_331' title='bbox 1330 4241 1404 4292; x_wconf 76' lang='grc'>6129.</span> <span class='ocrx_word' id='word_1_332' title='bbox 1429 4238 1474 4291; x_wconf 88' lang='lat' dir='ltr'><strong>Or.</strong></span> 
     </span>
     <span class='ocr_line' id='line_1_38' title="bbox 351 4321 1473 4396; baseline -0.003 -18"><span class='ocrx_word' id='word_1_333' title='bbox 351 4331 430 4379; x_wconf 75' lang='lat'><strong>3930:</strong></span> <span class='ocrx_word' id='word_1_334' title='bbox 450 4367 482 4379; x_wconf 94' lang='lat'><strong>..</strong></span> <span class='ocrx_word' id='word_1_335' title='bbox 511 4326 552 4382; x_wconf 82' lang='lat' dir='ltr'><strong>Vl</strong></span> <span class='ocrx_word' id='word_1_336' title='bbox 569 4329 611 4380; x_wconf 78' lang='lat' dir='ltr'><strong>air</strong></span> <span class='ocrx_word' id='word_1_337' title='bbox 630 4328 699 4395; x_wconf 68' lang='lat' dir='ltr'><strong>Aug.</strong></span> <span class='ocrx_word' id='word_1_338' title='bbox 726 4326 790 4379; x_wconf 69' lang='lat' dir='ltr'><strong>clo.</strong></span> <span class='ocrx_word' id='word_1_339' title='bbox 812 4326 905 4396; x_wconf 71' lang='lat' dir='ltr'><strong>pratis</strong></span> <span class='ocrx_word' id='word_1_340' title='bbox 924 4325 1032 4395; x_wconf 76' lang='lat' dir='ltr'><strong>factrus.</strong></span> <span class='ocrx_word' id='word_1_341' title='bbox 1108 4324 1142 4390; x_wconf 89' lang='lat' dir='ltr'><strong>V,</strong></span> <span class='ocrx_word' id='word_1_342' title='bbox 1162 4330 1237 4377; x_wconf 72' lang='lat' dir='ltr'><strong>libi).</strong></span> <span class='ocrx_word' id='word_1_343' title='bbox 1256 4324 1323 4377; x_wconf 68' lang='grc' dir='ltr'><strong>[Ν.</strong></span> <span class='ocrx_word' id='word_1_344' title='bbox 1345 4321 1420 4376; x_wconf 69' lang='lat'>1504:</span> <span class='ocrx_word' id='word_1_345' title='bbox 1441 4361 1473 4376; x_wconf 86' lang='lat'><strong>..</strong></span> 
     </span>
     <span class='ocr_line' id='line_1_39' title="bbox 350 4408 1472 4481; baseline -0.006 -15"><span class='ocrx_word' id='word_1_346' title='bbox 350 4412 512 4481; x_wconf 68' lang='lat' dir='ltr'><strong>Augustalis</strong></span> <span class='ocrx_word' id='word_1_347' title='bbox 534 4413 633 4466; x_wconf 72' lang='lat' dir='ltr'><strong>iterum</strong></span> <span class='ocrx_word' id='word_1_348' title='bbox 658 4413 686 4464; x_wconf 84' lang='lat' dir='ltr'><strong>ia</strong></span> <span class='ocrx_word' id='word_1_349' title='bbox 712 4412 811 4464; x_wconf 69' lang='lat' dir='ltr'><strong>ordinae</strong></span> <span class='ocrx_word' id='word_1_350' title='bbox 830 4411 1032 4479; x_wconf 77' lang='lat' dir='ltr'><strong>&#39;dcclccrioaum</strong></span> <span class='ocrx_word' id='word_1_351' title='bbox 1053 4411 1171 4479; x_wconf 75' lang='lat' dir='ltr'><strong>[actual.</strong></span> <span class='ocrx_word' id='word_1_352' title='bbox 1197 4416 1321 4463; x_wconf 86' lang='lat' dir='ltr'><strong>ceterum</strong></span> <span class='ocrx_word' id='word_1_353' title='bbox 1346 4408 1380 4461; x_wconf 82' lang='lat' dir='ltr'><strong>ct&#39;.</strong></span> <span class='ocrx_word' id='word_1_354' title='bbox 1399 4408 1472 4461; x_wconf 86' lang='lat' dir='ltr'><strong>Hen-</strong></span> 
     </span>
     <span class='ocr_line' id='line_1_40' title="bbox 350 4500 484 4554; baseline -0.022 0"><span class='ocrx_word' id='word_1_355' title='bbox 350 4516 402 4554; x_wconf 79' lang='lat' dir='ltr'><strong>zen</strong></span> <span class='ocrx_word' id='word_1_356' title='bbox 420 4500 484 4552; x_wconf 90' lang='lat' dir='ltr'><strong>l.l.·</strong></span> 
     </span>
    </p>
   </div>
   <div class='ocr_carea' id='block_1_6' title="bbox 0 0 1594 5370">
    <p class='ocr_par' dir='ltr' id='par_1_6' title="bbox 0 0 1594 5370">
     <span class='ocr_line' id='line_1_41' title="bbox 0 0 1594 5370; baseline 0 0"><span class='ocrx_word' id='word_1_357' title='bbox 0 0 1594 5370; x_wconf 95' lang='lat' dir='ltr'><strong> </strong></span> 
     </span>
    </p>
   </div>
  </div>
 </body>
</html>
