3180 5370
1111 393 1168 456 121

44 579 100 638 est.
144 575 185 635 At
212 575 340 652 amplius
362 605 405 616 --
427 574 508 651 quod
538 572 595 634 fnit
624 571 831 649 gravissimum
855 601 896 612 -
917 570 1073 650 Zumptius
1096 589 1168 648 pro·

44 668 211 755 nuntiavit,
233 679 396 738 Hennenus
419 678 606 737 documentis
636 674 863 735 confirmavit-a
886 674 1034 752 magistris
1056 676 1169 735 Larum

44 782 252 859 Augustorum
276 781 389 840 seviros
411 779 594 857 Augustales
617 780 721 855 utique
752 796 817 838 esse
846 778 1040 856 separandos.
1064 777 1170 852 Quae

44 902 95 944 res
118 902 186 943 eum
208 903 289 943 nuno
311 883 350 942 sit
373 882 509 943 omnibus
531 882 673 960 probata,
698 881 771 940 nihil
793 882 901 940 attinet
922 881 1058 940 Henneni
1083 898 1169 956 argu·

46 987 256 1046 mentationem
274 1003 388 1046 omnem
407 989 555 1062 repetere.
592 985 765 1044 Satishabeo
787 984 1034 1043 animadvertisse
1049 983 1096 1042 bis
1118 983 1169 1042 im-

45 1091 150 1168 primis
172 1090 268 1150 titulis
289 1091 464 1149 Henzeuum
496 1090 619 1149 testibus
648 1105 735 1148 usum
759 1106 836 1148 csse:
875 1087 925 1149 Or.
949 1074 1041 1146 242'4.
1079 1088 1170 1147 3956.

46 1196 130 1255 9467
160 1191 260 1266 (=1.
283 1194 320 1252 N.
344 1189 418 1264 309)
448 1189 845 1252 0r.·u.7165.101.3959
876 1189 930 1264 (=
953 1189 1055 1250 0r.·ll.
1078 1189 1169 1250 7115.

45 1297 145 1357 Wilm.
167 1293 263 1368 9099)
296 1295 397 1356 Οι·.-Η.
422 1298 503 1355 6062
538 1292 592 1367 (ε
614 1295 635 1353 Ι.
658 1295 695 1353 N.
729 1291 824 1366 5238)
859 1296 950 1355 6093.
1002 1294 1067 1353 Neo
1097 1312 1169 1353 vero

46 1399 179 1459 omittam
203 1398 347 1457 adnotare
370 1397 452 1457 haud
475 1397 715 1474 paueos'titulos
743 1400 900 1474 praeterea
927 1414 1023 1472 aeque
1046 1395 1169 1456 idoneos

47 1520 113 1562 esse
139 1501 177 1560 aul
204 1501 283 1560 bano
314 1519 377 1560 rem
410 1499 674 1577 comprobandam,
698 1519 722 1558 e.
745 1520 774 1578 g.
798 1500 963 1577 11‚4297:
1007 1498 1041 1557 L.
1065 1499 1169 1557 Fluvio

50 1604 244 1680 Chrysogono
258 1605 362 1663 seviro
385 1619 465 1678 mog.
488 1603 601 1661 Larum
629 1603 706 1678 Aug.
740 1603 774 1661 L.
799 1603 919 1660 lisoius
955 1601 1087 1660 Siluinus
1117 1600 1168 1660 lib.

46 1709 175 1767 sevirum
207 1722 285 1782 mog.
307 1707 421 1765 Larum
443 1708 520 1781 Aug.
545 1711 575 1765 et
599 1705 630 1776 O.
656 1705 814 1765 Comelius
841 1705 972 1764 Silvinus
994 1706 1169 1764 sutirum..
1217 1749 1218 1752 η

46 1810 95 1869 vel
117 1811 152 1887 V,
176 1813 275 1870 7604:
307 1810 341 1867 P.
368 1809 536 1868 Castricius
558 1799 732 1889 Suturnliu]
757 1854 763 1867 .
790 1854 796 1867 .
819 1824 898 1883 moy.
915 1808 989 1882 Auo.
1006 1799 1171 1889 Polleu[t.],

48 1911 126 1998 Aug.
151 1909 370 1987 Bagiennis).
392 1956 399 1970 .
422 1912 470 1971 vel
486 1913 583 1971 Wilm.
607 1915 705 1972 2126:
740 1912 771 1982 O.
801 1911 901 1970 Iulius
924 1910 1100 1970 Alexander
1130 1909 1179 1968 VI·

45 2018 92 2075 sir
114 2016 190 2089 Aug.
214 2019 293 2090 mog.
318 1995 394 2090 Auo.
418 2015 464 2074 bis
486 2059 493 2073 .
518 2059 525 2073 .
548 2014 597 2074 vel
620 2012 723 2074 0r.·H.
741 2017 840 2074 7116:
869 2015 903 2071 P.
920 2013 1048 2072 Horatio
1074 2013 1169 2089 Otry-

46 2117 143 2177 seroti
163 2118 260 2177 seviro
277 2118 439 2192 Augustei.
464 2117 538 2176 idem
562 2120 662 2191 quinq.
687 2122 718 2176 et
741 2117 863 2175 immam
885 2115 998 2174 Lusum
1020 2116 1094 2190 Auo.
1102 2113 1123 2188 1)
1140 2160 1168 2176 ..

47 2225 78 2282 et
100 2221 177 2280 alios
199 2221 312 2297 plures.
357 2222 571 2280 Verumtamen
595 2238 668 2280 eave
696 2219 802 2279 eredas
825 2220 881 2278 boo
904 2222 1080 2296 argumento
1103 2218 1167 2279 solo

46 2321 153 2383 eoniioi
176 2323 291 2382 saviros
314 2322 495 2399 Augustales
525 2340 584 2382 non
618 2323 656 2381 ad
686 2322 958 2398 vieimagistrorum
985 2322 1168 2381 urbanorum

46 2425 216 2502 exemplum
248 2443 313 2485 esse
345 2425 507 2484 institutos.
550 2425 601 2484 Uti
635 2426 712 2484 enim
745 2425 831 2484 iuxta
864 2426 1026 2498 magistros
1055 2424 1179 2482 Larum

46 2529 134 2588 etiam
157 2529 354 2602 vicimooistri
377 2530 415 2589 ab
440 2528 482 2588 eis
505 2527 615 2587 diversi
647 2546 863 2605 nonnunquam
893 2530 923 2587 in
946 2527 1051 2588 eodem
1074 2529 1167 2586 muni·

46 2632 125 2708 cipio
147 2632 341 2691 inveniuntur
375 2629 488 2704 (Wilm.
512 2633 593 2691 9099
617 2655 659 2676 =
681 2630 790 2692 oin-H.
815 2627 923 2709 7115),
952 2630 1034 2706 quod
1057 2634 1168 2689 utrum·

46 2752 106 2810 que
129 2752 226 2810 genus
258 2735 295 2793 ab
326 2734 508 2794 urbanorum
539 2735 808 2810 vieimagistrorum
841 2734 1004 2792 imitatione
1032 2736 1168 2811 repeten-

47 2837 115 2896 dam
138 2854 202 2896 esse
226 2840 360 2913 apparet,
382 2836 455 2894 nihil
478 2836 592 2910 obstat,
616 2837 775 2913 quominus
797 2837 886 2895 etiam
909 2837 1027 2895 tertiam
1050 2837 1167 2895 illorum

45 2941 239 2999 imitationem
264 2939 412 2998 exstitisse
436 2941 618 3018 statuamus,
649 2938 679 2998 id
709 2938 790 3014 quod
821 2938 899 2997 infra
921 2938 1026 2997 melius
1049 2937 1168 2998 demon-

45 3043 197 3102 strabitur.
219 3072 262 3082 -
285 3042 345 3100 lam
368 3060 440 3101 vero
464 3041 520 3102 boe
536 3041 731 3101 fundamento
750 3042 806 3101 nisi
822 3041 852 3100 id
869 3042 1024 3117 Zumptius
1044 3045 1073 3100 et
1088 3041 1167 3100 Hen-

46 3163 140 3206 nenns
172 3144 226 3204 sibi
248 3145 304 3203 visi
333 3148 403 3203 sunt
431 3162 486 3221 pro
514 3148 597 3204 eerto
620 3143 767 3203 affirmare
800 3162 904 3221 posse,
940 3147 1009 3222 post
1039 3145 1168 3219 Augusti

46 3252 170 3308 mortem
194 3246 312 3306 demum
335 3247 449 3306 seviros
464 3247 648 3324 Augustales
663 3247 895 3306 commemorari.
939 3247 1085 3306 Nimirum
1109 3265 1167 3306 ma-

45 3351 207 3428 gistrorum
231 3349 350 3425 quidem
366 3349 587 3426 Augustalium,
609 3350 661 3410 sed
685 3368 744 3408 uon
768 3349 897 3409 sevirum
914 3349 1016 3409 titulos
1029 3350 1168 3427 Augusto

46 3454 115 3513 viso
139 3453 325 3530 conscriptos
347 3453 485 3529 Eggerus
517 3456 547 3513 et
575 3444 788 3529 Marquardtus
819 3451 1026 3511 exhibuerant.
1076 3452 1169 3527 Atqui
1231 3435 1233 3439 ’

46 3556 93 3615 bie
117 3556 259 3616 continuo
283 3554 489 3616 animadverto
512 3574 550 3616 ne
573 3557 651 3615 bane
666 3554 785 3632 quidem
806 3554 952 3614 rationem
968 3553 1106 3613 sufficere
1129 3555 1168 3614 ad

46 3658 77 3719 id
97 3657 183 3734 quod·
202 3657 309 3717 volunt
330 3658 527 3735 probandum.
571 3659 648 3718 Nam
672 3657 787 3717 etiamsi
809 3675 917 3716 revera
937 3657 1075 3732 Angusto
1098 3657 1167 3716 vivo

45 3761 276 3840 Augustalitatis
298 3762 467 3821 institutum
491 3762 665 3840 pervolgari
689 3760 838 3838 eoeperit,
873 3760 965 3819 nihilo
997 3761 1088 3818 setius
1118 3778 1167 3818 ex·

45 3869 183 3941 spectare
208 3883 268 3923 non
290 3880 450 3940 possumus
473 3868 542 3922 ante
563 3863 695 3941 Augusti
719 3867 841 3922 mortem
864 3863 905 3921 ita
927 3861 1100 3939 frequentes
1122 3878 1167 3921 se·

45 3968 141 4026 virum
159 3966 370 4043 Augustalium
394 3967 495 4026 titulos
517 3967 632 4043 positos
655 3983 730 4025 esse.
774 3966 846 4026 Cum
871 3965 946 4023 enim
970 3965 999 4022 bi
1022 3963 1084 4022 iere
1100 3980 1168 4022 esse

45 4071 198 4147 potuerint
227 4072 280 4127 aut
310 4068 495 4144 sepulcrales
528 4072 580 4127 ant
613 4069 649 4127 ad
682 4086 805 4143 operum
834 4067 1022 4144 publicorum
1050 4065 1167 4125 dedisa-

134 4302 153 4365 ¹)
170 4298 237 4352 Nam
261 4299 388 4353 immunis
410 4299 514 4354 Larum
537 4300 607 4368 Aug.
629 4304 705 4353 oerte
726 4297 800 4352 idem
823 4296 899 4351 valet
921 4311 954 4351 ae
973 4313 1044 4368 mog.
1062 4296 1167 4351 Larum

43 4385 113 4455 Aug.
129 4384 221 4455 gratis
235 4385 344 4455 factus.
791 4375 793 4379 ’
