3142 5138
300 524 359 585 130

298 698 469 775 provincias
484 696 617 758 Graecas
633 696 885 779 Augustalitatem
908 698 1069 772 propterea
1091 712 1152 753 non
1172 711 1238 754 esse
1253 693 1418 772 amplexas,

298 799 386 877 quod¹
409 818 477 859 oum
510 800 624 859 Larum
658 799 739 858 oultu
771 798 834 857 eius
870 797 1033 873 primordia
1067 784 1283 859 cohaesissent'
1330 799 1420 858 Hune

296 904 373 962 enim
396 920 414 962 a
436 901 552 962 Graeoa
573 901 721 976 religione
751 899 845 959 fuisse
878 900 1018 960 alienum.
1049 897 1148 973 'Quae
1171 902 1280 978 Eggeri
1313 900 1417 977 opinio

296 1005 320 1064 si
344 1004 383 1064 sit
404 1022 494 1081 veru,
526 1022 636 1062 novum
660 1002 730 1062 inde
752 1003 848 1062 oritur
871 1002 991 1079 originis
1023 1004 1152 1063 sevirum
1176 1023 1266 1080 quam
1289 1022 1345 1080 ego
1369 1003 1419 1065 de·

295 1106 460 1166 monstravi
483 1110 700 1182 argumentum.

379 1210 481 1286 Atque
518 1208 567 1268 hie
595 1208 661 1268 finis
690 1211 730 1268 sit
759 1211 1015 1270 commentationis
1052 1228 1143 1270 meae.
1199 1210 1268 1286 Ipse
1297 1211 1418 1287 quidem

296 1330 355 1372 non
377 1313 483 1389 ignoro
514 1313 661 1371 nonnulla
690 1330 767 1388 quae
796 1312 835 1372 ad
866 1313 945 1373 hano
968 1315 1173 1390 quaestionem
1196 1314 1348 1391 pertinent
1370 1333 1416 1376 me

295 1418 347 1474 aut
369 1415 488 1475 omnino
511 1433 571 1475 non
593 1415 745 1493 tetigisse,
768 1420 901 1476 autnon
924 1420 983 1475 tam
1007 1418 1128 1492 eopiose
1157 1435 1247 1494 quam
1270 1417 1415 1478 debebam

295 1520 449 1577 tractasse.
502 1518 546 1577 Ae
574 1517 682 1577 vellem
716 1519 787 1578 mihi
819 1519 952 1578 licuisset
983 1520 1196 1597 imperatorum
1231 1521 1261 1579 iu
1293 1520 1416 1581 Graecis

293 1619 457 1697 prouinciis
478 1621 705 1680 venerationem
727 1627 868 1681 aoeurate
891 1623 1066 1698 perquirere
1089 1627 1179 1699 atque
1194 1641 1262 1682 eum
1277 1623 1416 1686 oeoiden·

293 1723 330 1781 tis
352 1723 495 1783 institutis
518 1740 553 1782 eo
576 1723 795 1803 spectantibus,
817 1726 944 1784 maxime
967 1744 1034 1784 oum
1058 1727 1207 1803 seviratu‚
1230 1744 1414 1802 comparare.

293 1824 350 1885 Sed
372 1824 450 1885 hano
473 1844 575 1885 euram
597 1827 662 1884 aliis
685 1827 735 1886 vel
757 1827 809 1886 alii
837 1828 987 1887 oooasioni
1009 1829 1178 1904 relinquam
1207 1829 1238 1888 in
1261 1828 1415 1906 praesenti

293 1945 417 1987 neeesse
439 1932 492 1987 est
536 1930 631 1988 Porro
654 1929 691 1989 de
715 1929 827 1989 ordinis
840 1931 1048 2006 Augustalium
1071 1931 1185 1991 iuribus
1199 1931 1278 1990 iusto
1293 1931 1414 1993 breuius

293 2029 429 2089 disserui.
473 2031 518 2090 De
541 2032 584 2090 eis
604 2036 714 2109 autem,
737 2049 816 2108 quae
837 2034 1048 2109 praestiterim,
1071 2034 1214 2110 quoniam
1230 2051 1323 2110 penes
1338 2033 1414 2095 alios

293 2136 339 2191 est
360 2131 511 2210 iudicium,
533 2134 597 2209 ipse
619 2136 714 2193 taoeo.
