3180 5370
234 479 397 551 ’62ἱ

313 665 428 741 dorum,
450 666 479 723 in
503 683 631 740 qnorum
655 665 853 724 monumentis
874 664 1053 738 Auamtales
1079 662 1251 723 Claadtales
1272 664 1321 724 vel
1342 665 1437 723 sariri

313 769 391 840 Aac.
409 767 561 825 Flavians
583 767 787 842 inveniuntur,
809 771 906 825 tamen
924 766 1039 825 Claudii
1063 767 1112 826 vel
1126 766 1299 827 Flaviorum
1322 766 1435 827 cultum

311 869 417 926 seviris
441 868 657 944 Augustalibus
688 868 774 926 simul
804 886 869 928 esse
894 869 1095 934 commissum,
1110 867 1209 927 adhuc
1240 885 1343 929 omncs
1366 886 1435 927 con·

312 974 475 1029 cesserunt
519 969 676 1042 (conferas
699 969 782 1046 quod
805 969 843 1028 de
865 971 1048 1047 Benevento,
1069 971 1229 1048 Abellino,
1250 971 1345 1046 Aquis
1368 971 1432 1032 Sta·

310 1071 382 1131 tiell.
397 1073 558 1131 Hennensis
579 1067 711 1143 indicat.)
756 1071 840 1143 Quae
864 1090 931 1131 aum
953 1073 997 1131 ita
1020 1073 1088 1148 sint,
1111 1090 1211 1131 nonne
1233 1073 1430 1148 probabiliter

311 1173 457 1233 conicitur
479 1175 508 1232 in
533 1174 637 1249 paucis
661 1192 783 1250 quoque
805 1191 883 1249 quas
906 1177 1069 1249 supersunt
1083 1175 1252 1249 municipiis
1269 1192 1328 1233 aon
1344 1175 1432 1233 aliter

312 1294 373 1335 rem
397 1294 428 1335 se
451 1274 615 1334 babuisse?
651 1275 777 1334 Accedit
808 1274 845 1333 ad
880 1276 958 1334 banc
988 1275 1158 1352 opinionem
1189 1274 1433 1352 confirmandam,

312 1379 391 1455 quod
415 1380 570 1437 maximam
599 1381 713 1454 partem
743 1377 794 1436 illa
824 1396 884 1436 non
918 1377 1100 1438 affluxerunt
1130 1382 1214 1438 tanta
1243 1377 1431 1437 multitudine

311 1482 462 1541 hominum
493 1480 732 1556 fortunatorum,
768 1483 802 1539 ut
834 1481 975 1540 oneribus
1007 1480 1082 1539 adeo
1120 1481 1279 1539 cumulatis
1311 1483 1434 1556 possent

311 1582 503 1659 respondere.
547 1583 653 1658 Itaque
683 1583 713 1640 ni
737 1581 916 1658 gravissima
944 1583 1108 1643 afferentur
1131 1586 1324 1660 argumenta,
1354 1600 1433 1659 quae

311 1687 483 1763 opinionem
506 1682 685 1744 contrariam
709 1684 794 1744 nobis
816 1685 981 1762 inculcent,
1004 1689 1086 1744 certe
1108 1686 1202 1761 magis
1224 1684 1432 1744 inclinabimus

310 1788 348 1847 ad
372 1787 555 1846 credendum
586 1787 700 1846 saviros
733 1792 889 1863 separatos
921 1787 952 1845 in
985 1787 1186 1863 posteriorum
1218 1788 1431 1862 imperatorum

276 1895 280 1900 ’
311 1892 455 1951 honorem
479 1907 624 1966 nusquam
647 1906 712 1948 esse
736 1889 896 1948 institutos.
941 1890 1021 1965 Ergo
1044 1888 1214 1965 videamus,
1244 1889 1353 1964 quibus
1385 1907 1431 1948 ra·
1525 1873 1528 1881 ¹

310 1993 440 2067 tionibus
462 1991 626 2051 adversarii
648 2009 734 2051 suum
756 1990 898 2050 iudicium
929 1990 1075 2050 fulserint
1461 1993 1465 1998 ’

123 2128 251 2178 Rationes
261 2126 294 2174 ad
395 2095 441 2153 Ao
462 2094 588 2169 primum
611 2093 731 2168 quidem
748 2093 910 2153 Hennenns
932 2097 1016 2152 ratus
1036 2097 1081 2153 est
1097 2092 1214 2153 nomine
1234 2092 1432 2152 Claaamaum

124 2197 293 2246 versariorum
312 2195 352 2270 (n.
375 2191 408 2270 8)
431 2197 494 2254 sive
515 2196 645 2254 sevirum
671 2194 873 2254 Claadtaliam
895 2193 936 2266 (n.
962 2201 987 2254 1.
1011 2191 1051 2266 2.)
1077 2197 1131 2255 aut
1160 2194 1280 2254 nomine
1301 2196 1432 2253 sevirum

129 2265 286 2314 refelluntur.
311 2299 493 2378 Flauialium
515 2295 557 2369 (n.
575 2295 712 2369 15—18)
735 2297 798 2355 solo
816 2297 997 2372 Augustales
1021 2297 1181 2372 significari
1205 2315 1264 2356 non
1287 2295 1432 2374 potuisse·
1474 2359 1476 2365 ,

128 2400 288 2464 Augustales
311 2401 371 2462 Sed
393 2418 481 2476 quem
504 2398 542 2458 ad
565 2399 683 2459 modum
702 2399 881 2473 Aaqastales
900 2398 1071 2458 Claudiales
1094 2403 1123 2458 et
1144 2400 1269 2459 aliorum
1294 2398 1431 2458 divorum

122 2470 219 2531 ,Claud
238 2475 287 2516 cet.
624 2501 631 2514 .
746 2502 753 2514 ,
778 2502 783 2515 ,
1105 2502 1111 2515 ,

114 2539 198 2602 plenis
217 2504 430 2585 nomi-SOWS
459 2520 519 2561 non
550 2501 648 2577 plenus
676 2501 843 2560 nommrbus
866 2503 1044 2577 plerumque
1067 2519 1113 2560 usu
1136 2505 1223 2578 sunt,
1256 2500 1311 2560 sed
1332 2500 1430 2577 elege-

134 2608 211 2655 nibus
229 2620 281 2652 non
311 2609 382 2664 runt
404 2622 513 2663 nomen
543 2602 666 2680 aliquod
691 2602 852 2662 deductum
882 2605 920 2662 ab
951 2622 985 2663 eo
1009 2604 1203 2680 imperatore,
1235 2605 1288 2679 qui
1319 2621 1436 2680 eorum,
1537 2639 1546 2654 κ

158 2689 256 2739 semper

153 2750 267 2791 utuntur.
311 2725 386 2784 quos
410 2708 545 2766 colerent
567 2706 693 2782 sodales,
716 2707 826 2783 optima
849 2705 928 2765 fama
950 2707 1070 2766 floreret
1084 2703 1120 2778 ¹J:
1150 2705 1192 2764 ita
1207 2707 1321 2783 saviros
1337 2706 1429 2765 muni·

311 2810 420 2885 cipales
442 2812 674 2868 consentaneum
698 2813 744 2867 est
773 2808 999 2884 nequeplenis
1029 2826 1148 2884 semper
1171 2807 1337 2868 nominibus
1360 2826 1431 2868 usos

201 2919 207 2931 '
311 2929 376 2971 esse
399 2914 428 2970 et
450 2929 557 2970 nomen
582 2928 668 2969 suum
691 2913 840 2987 mutasse,
869 2913 961 2986 prout
989 2915 1156 2987 temporum
1178 2911 1253 2969 ratio
1276 2910 1431 2970 videretur

308 3014 474 3091 postulare.
499 3012 637 3072 ¹Scilicet
663 3030 729 3070 cum
760 3011 902 3072 Claudius
936 3012 974 3071 ad
1004 3031 1129 3089 regnum
1161 3013 1365 3089 pervenisset,
1397 3015 1432 3072 nt

310 3119 374 3176 eius
396 3116 521 3190 gratiam
544 3115 598 3173 sibi
622 3115 834 3191 conciliarent,
866 3132 936 3192 pars
969 3116 1088 3192 quidem
1112 3116 1241 3174 sevirum
1269 3116 1350 3174 illius
1372 3115 1432 3199 cul·

308 3223 373 3278 tum
396 3213 650 3293 capessiveruut2)
685 3217 804 3276 nomine
837 3223 939 3277 vetere
969 3220 1105 3294 servato,
1140 3231 1210 3293 pars
1240 3235 1312 3276 vero
1342 3216 1431 3278 modo

309 3338 418 3380 nomen
441 3319 477 3379 ab
500 3329 535 3379 eo
559 3323 687 3378 tractum
710 3319 804 3395 priori
827 3319 938 3380 nomini
960 3319 1133 3395 simpliciter
1148 3320 1324 3379 adiecerunt
1347 3319 1387 3388 (n.
1402 3320 1432 3379 5.

312 3426 359 3483 10.
384 3425 431 3481 12.
456 3425 524 3499 13),
554 3423 641 3482 modo
667 3422 838 3480 alacritates
861 3419 914 3494 (et)
939 3422 1117 3496 deportares
1147 3440 1180 3481 se
1202 3423 1432 3482 nominaverunt

311 3515 427 3584 Claudii
457 3526 576 3585 nomine
603 3521 836 3600 antepositam.
859 3526 887 3582 4.
912 3520 981 3601 11),
1017 3523 1104 3583 modo
1143 3523 1273 3601 denique
1302 3524 1432 3600 Augusti

311 3627 452 3687 memoria
481 3628 600 3687 omnino
629 3644 791 3703 suppressa
818 3625 1015 3684 Claadialiam
1043 3625 1162 3685 nomine
1192 3627 1256 3686 solo
1287 3627 1332 3686 usi
1361 3630 1433 3686 snut

310 3726 350 3802 (n.
376 3734 401 3789 1.
425 3733 452 3788 2.
476 3733 503 3789 3.
528 3733 555 3790 6.
579 3732 606 3788 7.
628 3727 669 3801 8).
714 3728 837 3789 Claudio
869 3731 967 3788 autem
991 3731 1108 3788 mortuo
1135 3729 1304 3789 huiusmodi
1327 3729 1430 3806 appel-

309 3831 436 3891 lationes
465 3831 603 3909 usurpari
635 3831 790 3909 paullatim
825 3827 1024 3902 desieruntll
1068 3832 1276 3911 Neque-enim
1308 3848 1430 3907 possum

309 3997 513 4007 *—

396 4114 416 4182 ¹)
434 4113 468 4167 ct‘.
487 4114 654 4180 Mommsen,
672 4110 834 4166 Wilmanns.
853 4110 929 4179 apud
947 4110 1057 4166 Dessau
1074 4111 1092 4164 l.
1105 4112 1123 4165 l.

393 4201 417 4266 ²)
434 4199 502 4253 Nam
520 4197 594 4251 vivis
612 4197 826 4266 imperatoribus
846 4196 930 4250 serim·
946 4195 1173 4250 instituebantur.

394 4286 416 4350 ³]
433 4285 524 4338 Etiam
549 4283 699 4337 Hennenus
724 4283 872 4336 arbitratur
895 4281 1012 4350 collegia
1035 4283 1063 4335 in
1081 4281 1265 4350 posteriorum
1283 4281 1429 4349 imperato-

309 4385 368 4422 rum
387 4366 520 4428 hcnorem
541 4367 673 4422 instituta
692 4367 773 4421 brevi
790 4366 931 4421 interiisse
952 4365 1076 4435 reliquiis
1102 4365 1130 4418 in
1143 4381 1273 4434 magnum
1286 4364 1443 4434 Augusta.

306 4452 379 4513 linm
398 4469 500 4522 corpus
517 4451 639 4521 receptis
656 4469 683 4520 p.
696 4453 754 4505 292.
