3180 5370
225 3161 370 3209 Curatores.

389 426 449 487 100

387 617 453 659 esse
474 616 541 657 oum
570 599 601 657 in
630 598 801 656 universnm
833 597 917 672 patet
927 592 962 670 ¹),
992 598 1055 654 tum
1084 592 1122 653 de
1146 594 1277 653 sevirum
1298 592 1510 669 quinquenne·

387 701 464 761 libus
487 700 575 760 docet
603 700 646 758 tit.
669 698 783 760 0r.·H.
807 701 899 758 7109.
942 698 1043 772 Atque
1066 695 1166 758 Ostiae
1198 695 1319 772 quidem
1340 694 1509 773 posteriora

387 805 492 864 saltem
516 807 614 863 aetate
643 800 706 861 iere
738 819 868 860 annuam
899 799 991 859 fnisse
1020 799 1334 877 quinquennalitstem
1363 797 1510 873 suspicor.

388 909 464 966 Nam
488 905 574 965 aliter
596 905 647 980 qui
671 905 766 981 possit
788 902 947 980 explicari,
977 902 1059 978 quod
1082 901 1141 961 illic
1172 904 1292 961 exstant
1312 904 1358 960 tot
1379 901 1510 959 sanim
1580 964 1586 973 ,

389 1009 464 1083 Aac.
488 1013 519 1067 et
540 1007 809 1081 quinquennalium
837 1006 931 1081 tituli,
963 1023 1023 1064 non
1053 1004 1151 1064 video.
1196 1006 1261 1063 Nec
1290 1004 1387 1080 magis
1410 1006 1510 1063 utrum

388 1128 466 1171 unus
487 1093 604 1171 tantum
628 1126 665 1167 an
689 1109 792 1186 plures
813 1108 900 1167 simul
931 1108 960 1166 in
992 1107 1095 1167 eodem
1118 1088 1245 1184 pullegio
1268 1105 1509 1182 quinquennales

388 1212 500 1273 inerint
521 1211 686 1271 diiudicare
710 1207 841 1282 audead)
886 1209 1073 1286 Quamquam
1089 1209 1190 1270 Osbae
1206 1208 1408 1285 compluribus
1429 1208 1510 1267 bunc

387 1315 531 1375 honorem
562 1314 649 1374 simul
679 1313 839 1389 contigisse
870 1312 1023 1389 probabile
1052 1312 1137 1372 duco.
1180 1312 1275 1371 Porro
1298 1312 1388 1371 etiam
1411 1311 1443 1371 in
1465 1328 1510 1371 ee·
1550 1381 1554 1389 Ι

388 1418 484 1476 virum
508 1416 717 1493 Augustalium
740 1415 873 1492 collegiis
896 1416 1135 1488 quinquennales
1151 1414 1299 1488 perpetrat
1312 1415 1509 1473 inveniuntur

384 1517 507 1592 (1112).
551 1518 635 1592 Quos
657 1517 750 1577 inisse
773 1519 856 1576 viros
878 1516 915 1576 de
930 1516 1037 1576 ordine
1052 1535 1106 1576 suo
1122 1516 1248 1575 maxime
1272 1516 1393 1575 meritos
1414 1519 1509 1593 atque

388 1621 487 1681 locum
508 1620 738 1697 insignissimum
769 1623 799 1679 et
821 1619 986 1696 principem
1016 1619 1094 1678 inter
1123 1619 1220 1679 socios
1251 1618 1373 1677 bononis
1402 1634 1511 1698 caussa

389 1723 551 1783 obtinuisse
574 1739 613 1783 ex
636 1723 695 1799 eis,
725 1738 801 1798 quae
824 1721 862 1780 de
885 1721 1081 1797 collegiorum
1104 1720 1377 1797 quinquennalibus
1400 1736 1507 1798 perpe·

387 1827 448 1885 tuis
470 1826 590 1885 omnino
614 1821 827 1901 accepimusil,
848 1823 997 1900 colligere
1016 1823 1092 1882 licet.
1136 1824 1243 1899 Neque
1258 1840 1327 1882 raro
1350 1823 1399 1882 hie
1413 1822 1511 1883 bonos

390 1946 457 1987 oum
474 1931 646 2002 patronatu
669 1926 867 1986 consociatur.
911 1924 1057 1986 Conieras
1079 1926 1187 1985 omisso
1209 1925 1350 1986 Fundilio
1374 1926 1509 2003 ipsorum

389 2031 599 2108 Augustalium
621 2032 750 2107 patrono
773 2032 803 2087 et
825 2029 928 2105 quinq.
949 2026 1126 2104 perpetuo⁴l
1149 2046 1176 2089 n.
1190 2031 1229 2088 15
1251 2030 1283 2088 et
1298 2031 1386 2089 niti.
1423 2029 1511 2090 (lete-

389 2151 454 2193 rum
479 2132 755 2211 quinquennalibus
777 2134 837 2191 tam
860 2130 898 2189 ad
921 2134 1039 2208 tempus
1060 2130 1147 2191 iactis
1170 2148 1259 2208 quam
1280 2132 1454 2210 perpetuis,
1483 2130 1510 2192 si

389 2235 477 2296 modo
493 2237 524 2294 bi
545 2252 607 2295 non
629 2235 713 2293 iuxta
734 2234 803 2293 illos
824 2234 1023 2310 reperiuntur,
1045 2251 1094 2293 res
1116 2236 1147 2292 et
1161 2235 1284 2310 negotia
1298 2234 1509 2310 Augustalium
1530 2294 1533 2298 ,

389 2337 482 2398 inisse
505 2328 740 2397 administranda
763 2337 885 2414 opinor,
916 2335 1000 2395 velut
1030 2335 1165 2396 ordinem
1189 2335 1375 2414 cogendum,
1405 2339 1509 2397 coacto

388 2441 439 2501 vel
455 2440 587 2517 epulanti
606 2438 837 2515 praesidendum
849 2436 882 2515 5),
898 2438 1019 2498 decreta
1033 2437 1199 2516 efficienda,
1213 2439 1339 2498 aliorum
1354 2438 1509 2515 magistra·

389 2547 482 2620 tuum,
504 2543 530 2601 si
551 2543 603 2617 qui
624 2545 781 2620 praeterea
795 2540 959 2618 exstabant,
981 2541 1161 2600 creationem
1177 2541 1339 2601 curandam
1351 2538 1385 2619 θ),
1407 2558 1509 2601 arsam

391 2643 629 2721 custodiendam,
651 2645 717 2707 alia.
759 2643 901 2703 Attamen
933 2642 963 2701 in
987 2643 1137 2704 nonnullis
1160 2643 1276 2722 oppidis
1307 2662 1378 2721 pars
1402 2644 1509 2705 horum

389 2747 578 2824 negotiorum
600 2748 793 2806 curatoribus
814 2746 932 2805 ridetur
954 2747 1111 2805 commissa
1133 2745 1234 2806 fuisse.
1278 2747 1336 2820 Qui
1357 2747 1410 2806 ubi
1424 2765 1510 2823 prae·

388 2853 435 2909 ter
458 2850 700 2926 quinquennales
721 2854 752 2909 et
773 2867 834 2908 una
856 2866 923 2909 cum
945 2848 989 2908 eis
1013 2850 1206 2925 exstiterunt,
1229 2850 1419 2909 curatoribus
1441 2866 1510 2927 pro

390 2952 484 3029 priam
508 2953 696 3028 negotiorum
720 2970 835 3026 euram,
867 2951 1142 3028 quinquennalibus
1172 2955 1272 3013 autem
1298 2969 1442 3012 summam
1464 2970 1509 3013 re-

388 3072 454 3112 rnm
478 3054 642 3115 custodiam
666 3057 843 3115 convenisse
876 3057 906 3112 et
934 3054 1033 3113 ordini
1061 3053 1292 3142 praesidendum
1315 3055 1408 3115 inisse
1429 3074 1509 3116 reor.

389 3157 535 3232 llxempla
555 3160 655 3216 autem
678 3161 854 3216 curatorum
877 3155 1088 3229 Ancuslullum
1110 3157 1184 3216 haec
1208 3157 1277 3215 mibi
1301 3157 1510 3219 innotuerunt:

456 3264 483 3318 1.
504 3301 535 3318 ..
556 3259 663 3320 Aebuti
685 3240 879 3335 Agathonfis]
904 3259 1001 3318 seviro
1024 3258 1102 3335 Aug.

543 3380 625 3438 corp.
648 3379 672 3420 e.
694 3363 720 3421 J.
735 3362 769 3420 P.
784 3361 873 3438 Arel,
897 3365 991 3420 curat
1008 3361 1101 3420 ciusd.

543 3482 624 3540 corp.
633 3464 763 3542 bis,item
773 3463 872 3523 seviro
884 3464 941 3525 col.
949 3463 1103 3539 Iul.Aptae
1145 3463 1234 3523 Hera.
1257 3466 1328 3524 360.
1364 3463 1463 3524 Glanii

1204 3567 1270 3624 Livi
1294 3584 1357 3642 rep.

455 3671 482 3729 2.
504 3669 640 3728 ..Natio
678 3669 778 3728 Felice
814 3668 948 3727 Iunlvir.
991 3666 1102 3745 [Aulg.

543 3771 620 3848 Lug.
642 3770 804 3847 eiusdemq.
835 3771 969 3848 corporis
1001 3773 1103 3848 curat,

477 3969 497 4031 ¹)
515 3966 638 4034 Hermen,
655 3967 744 4021 annal.
771 3971 829 4021 1851
851 3983 878 4035 p.
893 3970 949 4021 156.
1121 3969 1144 4035 2)
1162 3965 1197 4021 oi.
1214 3967 1280 4022 ibid.
1298 3983 1326 4037 p.
1342 3971 1396 4020 155.

475 4053 498 4120 ³)
515 4051 579 4105 Vid.
597 4051 747 4119 praecipue
765 4051 857 4106 Wilm.
872 4054 929 4105 310.
948 4051 993 4106 0r.
1013 4054 1086 4105 3141.
1106 4054 1180 4105 1103.
1198 4052 1290 4107 0r.·H.
1310 4056 1384 4107 7100.

473 4139 498 4206 ⁴)
514 4153 541 4191 n.
557 4140 595 4191 13.
766 4139 788 4203 ⁵)
804 4154 831 4191 v.
851 4136 942 4191 Wilm.
955 4140 1012 4191 319.

475 4227 497 4289 ⁰)
517 4223 551 4277 ei.
570 4222 615 4277 0r.
634 4224 713 4274 3891:
738 4236 840 4278 censor
858 4222 901 4278 bis
920 4223 959 4277 nd
975 4238 1047 4294 nup.
1065 4223 1214 4278 neander.
1251 4224 1304 4290 Qui
1321 4223 1421 4277 titulus
1438 4222 1511 4278 Hon-

390 4324 488 4364 nenum
507 4309 620 4363 videtur
636 4304 754 4378 fugisse,
773 4325 835 4362 cum
854 4309 987 4363 scriberet
1004 4309 1070 4363 bull.
1092 4313 1152 4362 terr
1174 4325 1201 4378 p.
1216 4314 1278 4363 teu:
1301 4308 1421 4365 sorello
1437 4324 1510 4379 poco

389 4395 557 4466 intelligibile
574 4394 593 4448 ll
609 4391 767 4464 significato
787 4395 859 4450 della
878 4411 999 4449 censura
1018 4395 1047 4450 in
1066 4411 1104 4450 un
1122 4394 1247 4465 collegio.
