3142 5138
1162 364 1164 372 ’
1200 362 1259 452 uo

132 540 259 611 alteram
281 541 368 599 etiam
390 543 480 616 atque
503 539 591 598 etiam
614 540 652 597 ab
669 538 835 598 hominibus
857 538 955 599 doctis
971 541 1137 616 tractatam,
1160 539 1256 597 cuius-

134 660 203 702 nam
225 642 352 702 instituti
375 643 501 702 Romani
528 641 687 716 imaginem
715 642 863 701 seviratus
891 642 1023 701 imitatus
1052 641 1091 700 sit
1119 641 1183 700 sive
1207 660 1257 700 ex-

132 745 284 821 presserit.
328 745 402 805 (inm
436 746 512 804 enim
547 744 732 820 antiquiores
763 743 832 803 inde
862 762 881 802 a
906 743 1028 803 Norisio
1039 740 1061 809 ¹)
1094 761 1188 819 usque
1219 743 1258 803 ad

133 843 352 919 Morcellium2)
385 847 508 908 sodales
531 847 719 919 Augustales
750 845 780 905 in
812 847 957 905 honorem
988 845 1057 904 Divi
1080 846 1210 922 Augusti
1241 864 1259 904 a

132 950 254 1010 Tiberio
287 950 383 1028 primo
420 949 572 1009 institutos
600 949 729 1008 sevirum
753 949 962 1023 Augustalium
993 949 1162 1024 exemplum
1193 965 1258 1008 esse

133 1053 359 1128 existimassent,
381 1053 519 1129 Eggeuus
541 1056 571 1110 et
594 1051 809 1128 Marquardtus
839 1043 968 1128 (utiam
991 1047 1167 1123 Orellius)³)
1199 1052 1255 1111 hac
1312 1059 1410 1120 Egger-

134 1156 274 1232 opinione
298 1155 459 1231 reprobata
481 1154 581 1230 potius
602 1173 621 1212 a
642 1154 873 1228 vicimopisiris,
895 1154 1005 1230 quibus
1026 1154 1138 1213 Larum
1161 1153 1255 1230 publi·
1279 1125 1438 1190 Marquardt.

134 1275 236 1318 corum
260 1262 290 1316 et
312 1255 398 1317 Genii
420 1258 465 1317 sui
490 1258 602 1316 cultum
626 1257 782 1332 Augustus
813 1257 877 1331 ipse
906 1255 1139 1315 demandaverat
1165 1255 1255 1314 admi·

134 1357 332 1436 nistrandum,
355 1359 471 1418 illorum
495 1359 639 1434 originem
656 1358 823 1418 ducendam
841 1376 907 1419 esse
923 1364 1113 1419 censuerunt.
1157 1358 1257 1434 Atque

132 1462 249 1522 seviros
271 1462 453 1537 Augustales
476 1462 547 1537 quia
569 1480 588 1520 a
610 1461 839 1537 municipiorum
861 1462 1016 1533 nsupistris
1039 1458 1256 1534 Augustalibus

133 1582 194 1636 non
226 1564 362 1624 diversos
392 1565 658 1640 existimaverunt,
690 1564 777 1623 modo
806 1565 923 1622 seviros
950 1562 1257 1637 uocabulorum,

133 1667 221 1726 modo
251 1668 425 1743 simpliciter
454 1668 618 1740 magistros
639 1666 753 1725 Larum
776 1666 984 1741 Aupustulium
1015 1665 1062 1725 vel
1090 1665 1256 1752 magistros
1302 1654 1305 1663 ¹

134 1769 326 1842 Augustales,
349 1769 435 1829 modo
458 1769 624 1845 simplicius
641 1770 824 1853 Augustales
848 1768 968 1827 eosdem
993 1768 1063 1828 ilios
1087 1769 1254 1828 nominatos

134 1889 201 1931 esse
224 1871 400 1932 docuerunt.
411 1869 435 1943 ⁴)
479 1872 591 1933 Contra
619 1872 773 1948 Zumptius
807 1876 837 1931 et
860 1872 1022 1931 Hennenus
1054 1869 1093 1930 ad
1125 1871 1254 1946 priorem
1289 1878 1393 1940 Zumpt-

134 1975 311 2034 sententiam
334 1992 366 2033 se
389 1974 565 2035 retulerunt.
610 1973 744 2048 Quorum
767 1974 843 2032 alter
865 1973 1032 2034 rationibus
1048 1992 1083 2032 ac
1099 1973 1257 2033 documen·
1276 1947 1392 1994 Henzen.

103 2148 107 2153 ⁴
136 2077 173 2138 tis
210 2078 292 2154 suis,
329 2078 438 2153 quibus
476 2077 601 2154 Zumptii
640 2076 843 2153 expositiones
873 2080 1024 2152 tamquam
1061 2075 1257 2137 fundamento

134 2180 303 2255 supplevit,
340 2184 454 2239 tautum
487 2180 601 2255 effecit,
638 2184 671 2248 ut
687 2179 787 2238 >etiam
820 2179 1015 2254 Marquardto
1046 2197 1106 2238 non
1136 2178 1256 2254 quidem

135 2299 238 2341 omnes
262 2281 462 2341 dubitationes
484 2283 606 2341 tolleret
615 2274 651 2360 ⁵),
672 2285 809 2358 adaman,
827 2282 857 2340 in
880 2281 1055 2341 universum
1078 2284 1256 2341 sententiam

134 2401 219 2444 suam
243 2381 423 2459 probarat)
468 2387 574 2460 Itaque
604 2384 724 2443 omnino
757 2383 827 2444 inde
860 2385 898 2445 ab
935 2385 986 2443 ilio
1018 2391 1151 2460 tempore
1181 2385 1257 2444 haec

135 2487 286 2546 sententia
309 2491 418 2563 regnat
441 2491 471 2546 et
493 2505 548 2563 per
579 2487 671 2547 libros
693 2487 798 2547 saltem
828 2487 914 2564 quasi
944 2488 983 2546 sit
1005 2487 1143 2546 contessa
1166 2492 1258 2573 atque

135 2589 292 2666 explorata
312 2595 509 2666 propagatur.
519 2586 542 2661 Ἰ)
595 2589 684 2649 Verbi
714 2607 820 2649 caussa
848 2590 928 2666 apud
952 2589 1113 2650 Nissenum
1144 2591 1175 2650 iu
1197 2594 1257 2649 stu·

135 2691 192 2751 diis
214 2691 405 2768 Pompeianis
435 2693 492 2751 hoc
513 2693 586 2772 ,ipso
615 2710 694 2752 anno
726 2691 814 2752 editis
842 2712 871 2769 p.
894 2695 956 2752 275
986 2692 1127 2769 legimus:
1154 2691 1258 2766 „Deos

136 2794 192 2852 dos
215 2795 375 2868 collectum
403 2795 460 2853 der
483 2794 671 2870 Aupusioleu
698 2795 762 2853 dem
793 2794 1075 2868 houptstddtisebeu
1104 2796 1257 2868 priesier-

135 2900 196 2954 tum
218 2897 294 2967 (der
315 2897 440 2956 sodales
454 2897 661 2970 Augustales)
692 2896 908 2985 uocbqebildet
931 2898 996 2955 uod
1013 2899 1070 2971 fiir
1085 2899 1143 2956 deu
1159 2898 1258 2956 diensi

136 2999 192 3057 der
213 3015 289 3073 gesa
314 2999 396 3058 Iulia
417 3002 568 3073 eiupesezt
588 3002 644 3072 sei,
669 3000 749 3058 uird
761 3001 967 3074 aeqeuueireiq
989 3016 1045 3059 ooo
1060 3001 1117 3059 deu
1132 3000 1257 3058 meissen

134 3102 272 3174 peterten
305 3100 485 3161 auertant.“
529 3103 636 3179 Neque
658 3103 819 3162 Hennenus
849 3104 913 3179 ipse
948 3120 1045 3179 usque
1076 3103 1114 3160 ad
1145 3120 1256 3161 annum

120 3204 255 3280 ¹quidem
298 3207 377 3265 1872
418 3205 455 3263 de
488 3205 544 3263 hac
578 3224 610 3264 re
647 3205 733 3265 aliter
773 3206 885 3264 sentire
922 3205 1041 3264 videtur
1078 3205 1223 3280 coepisse.
1233 3201 1257 3276 8)

135 3304 250 3380 Quodsi
272 3325 345 3384 ego,
383 3308 434 3382 qui
463 3306 533 3365 huic
563 3307 729 3367 sententiae
752 3307 915 3384 adversor,
949 3307 1051 3383 paullo
1085 3307 1257 3367 accuratius

134 3413 228 3468 totam
251 3410 457 3485 quaestionem
486 3409 672 3488 retractabo,
708 3409 836 3486 nemini,
869 3410 992 3488 opinor,
1020 3409 1050 3468 id
1073 3408 1256 3486 superfluum

135 3511 294 3571 videbitur.

223 3744 243 3810 ¹)
260 3747 351 3797 cenot.
369 3742 425 3796 Pis.
444 3741 512 3796 diss.
530 3742 544 3794 I
561 3759 604 3810 cp.
622 3741 671 3795 VI.
836 3744 860 3800 ²)
877 3759 942 3811 opp.
961 3743 1050 3812 epigr.
1068 3743 1121 3796 vol.
1139 3741 1152 3795 I
1170 3758 1197 3810 p.
1218 3746 1256 3796 ts.

220 3830 243 3893 ³)
260 3826 288 3880 11
305 3844 332 3896 p.
353 3832 409 3881 197.
562 3831 586 3895 ⁴)
602 3827 637 3882 cf.
656 3829 758 3897 Egger.
777 3828 799 3895 1,
817 3831 875 3882 380.
893 3828 997 3896 Marqu.
1017 3830 1073 3882 510.

221 3915 244 3979 ⁵)
261 3912 296 3966 cf.
315 3911 477 3967 Statsverw.
494 3912 523 3978 Ι,
541 3917 591 3966 514
608 3914 724 3968 maximo
742 3913 807 3967 adn.
825 3918 848 3968 6.
1002 3916 1025 3980 ⁶)
1042 3913 1108 3967 ibid.
1127 3928 1153 3981 p.
1173 3917 1222 3967 513
1235 3930 1257 3968 s.

220 4002 244 4066 ⁷)
261 3999 430 4066 Quamquam
448 4014 503 4051 non
527 3999 627 4066 ignoro
650 3998 816 4067 nonnullos,
851 4015 966 4068 quorum
998 3999 1128 4053 iudicium
1160 3999 1189 4052 in
1214 3999 1256 4053 his

132 4084 216 4140 rebus
235 4084 336 4138 debeat
354 4083 453 4137 summi
471 4098 533 4139 esse
551 4085 695 4151 momenti,
713 4085 766 4138 iam
785 4084 866 4138 aliter
891 4084 930 4159 de
944 4082 996 4138 hac
1015 4084 1180 4153 quaestione
1205 4084 1257 4138 sibi

133 4169 316 4239 persuasisse.

219 4258 240 4319 ⁸)
259 4254 294 4309 cf.
313 4257 395 4309 annal
417 4258 488 4308 1872.
514 4272 540 4323 p.
560 4260 609 4310 64:
633 4257 899 4325 ..‚‚corporozioue
923 4255 997 4326 dupli
1017 4255 1169 4326 Augustali
1189 4256 1257 4308 ori-

129 4341 253 4412 piuato
272 4339 361 4409 dopo
380 4339 412 4394 io
432 4344 539 4395 morte
557 4338 719 4395 delDtoo
738 4341 969 4413 Augustoper
986 4340 1095 4396 deuito
1116 4340 1254 4396 ditum
