3180 5370
3 1488 69 1711 3²³3

21 2214 37 2251 ῤ
63 2232 68 2241 .

20 2460 40 2843 ,

15 2834 70 2983 l?

38 3094 45 3145 ,
59 3086 62 3091 .

241 2459 366 2507 Attamen

213 2542 272 2575 vera
285 2536 324 2576 est
335 2528 385 2575 ista

251 2596 349 2661 opinio.

406 436 466 498 126

410 612 562 670 Romanos
583 611 672 670 scviri
688 610 767 688 Aug.
785 611 891 670 imitati
913 613 983 687 sint,
1004 630 1043 670 ne
1064 613 1206 671 stultitiae
1227 612 1292 689 ipse
1313 629 1347 672 se
1366 612 1533 675 convincat

406 733 464 772 non
488 719 533 773 est
555 714 637 789 quod
660 715 772 791 timeat,
794 715 845 789 qui
867 714 988 773 tandem
1012 708 1176 790 aliquando
1198 715 1405 790 quaestionem
1422 720 1531 795 movet,

404 835 474 875 num
507 817 544 874 ad
575 817 711 875 neutrius
745 817 872 876 instituti
910 816 1016 875 urbani
1054 817 1279 877 similitudinem
1306 819 1410 894 potius
1440 818 1530 879 seviri

404 918 474 977 iacti
497 919 563 977 sint.
608 920 685 977 Nam
709 920 846 994 quamvis
868 920 1015 994 permulta
1032 921 1168 979 instituta
1188 921 1304 980 urbana
1319 922 1349 979 in
1372 921 1436 980 suis
1458 922 1530 981 civi·

403 1023 516 1081 tatibus
548 1022 714 1096 municipes
745 1040 816 1080 vere
842 1023 1059 1099 exprimerent,
1099 1024 1196 1081 tamen
1228 1023 1258 1081 in
1291 1024 1348 1082 bac
1375 1041 1410 1082 re
1439 1023 1531 1083 facile

402 1123 465 1184 lieri
489 1124 596 1200 potuit,
618 1129 652 1182 ut
675 1124 730 1198 ipsi
753 1124 855 1183 urbem
879 1129 1120 1200 praecurrerent.
1164 1125 1281 1184 Etenim
1308 1142 1377 1184 cum
1399 1127 1430 1185 iu
1454 1126 1529 1187 urbe

402 1228 558 1302 Augustus
592 1227 705 1284 bonore
746 1228 868 1302 proprie
911 1227 1012 1284 divino
1048 1227 1284 1302 pertinacissime
1319 1227 1489 1287 abstineret
1498 1226 1530 1305 ¹),

403 1334 508 1388 contra
540 1329 569 1386 iu
604 1328 772 1403 municipiis
809 1330 922 1387 numiui
951 1345 1007 1388 suo
1038 1347 1107 1388 aras
1137 1335 1167 1388 et
1195 1330 1313 1406 templs(
1335 1329 1472 1389 dedicari
1499 1334 1529 1391 et

402 1431 574 1491 sacerdotes
612 1432 727 1489 institui
764 1450 823 1491 uon
851 1433 962 1491 invitus
993 1449 1102 1508 passus
1130 1437 1183 1491 est.
1227 1433 1272 1492 De
1303 1451 1364 1509 qua
1393 1450 1428 1492 re
1449 1434 1529 1493 llar-

403 1535 549 1612 quardtus
572 1539 631 1592 tam
655 1535 775 1609 copiose
799 1526 909 1612 egit²)‚
944 1539 977 1593 ut
1005 1534 1043 1593 ad
1074 1552 1141 1593 eum
1173 1535 1307 1611 legentes
1329 1536 1421 1594 liceat
1443 1554 1529 1597 revo-

403 1656 480 1696 care.
532 1639 566 1695 ln
605 1637 677 1696 satis
714 1637 814 1696 multis
851 1638 943 1713 igitur
981 1637 1100 1714 oppidis
1131 1639 1296 1714 imperante
1325 1639 1463 1714 Augusto
1494 1644 1541 1699 ut'

402 1741 513 1817 templa
534 1740 576 1799 ita
597 1740 732 1799 flamines
747 1757 800 1799 seu
816 1741 988 1800 sacerdotes
1003 1741 1082 1799 illius
1097 1742 1275 1800 invenimus
1320 1742 1401 1818 llrgo
1419 1740 1528 1818 quidni

402 1846 471 1922 quis
493 1847 614 1919 statuat,
637 1842 674 1901 ad
698 1860 854 1901 numerum
876 1848 906 1901 et
929 1844 1098 1919 exemplum
1125 1842 1300 1918 pontificum
1330 1844 1530 1922 coloniarum,

402 1948 454 2025 qui
477 1950 744 2005 commemorantur
764 1963 783 2003 a
806 1940 1000 2021 Ciceronel'),
1027 1946 1195 2023 >municipes
1217 1946 1297 2005 ultro
1324 1951 1354 2004 et
1376 1955 1432 2005 suo'
1456 1964 1528 2007 cou-

401 2051 468 2110 silio
491 2049 548 2108 hoc
570 2048 769 2107 sacerdotium
793 2047 830 2106 de
853 2047 939 2122 plebe
956 2049 1004 2107 rel
1027 2066 1065 2107 ex
1087 2048 1234 2109 libertinis
1256 2050 1396 2123 Augusto
1420 2066 1529 2109 creare

400 2152 600 2226 constituisse,
624 2169 690 2209 cum
714 2149 928 2209 decurionibus
950 2150 1121 2210 flamonium
1144 2152 1274 2227 Augusti
1294 2151 1529 2211 reservaretur?

400 2257 465 2314 Hac
488 2255 578 2329 igitur
599 2254 715 2311 ratione
738 2251 866 2311 sortasse
896 2253 1043 2328 quispiam
1066 2254 1245 2329 cogitaverit
1281 2272 1318 2312 ex
1340 2253 1417 2332 illis,
1449 2270 1529 2331 quas

401 2357 573 2432 monstravi,
595 2355 742 2431 augustiis
764 2355 902 2414 evadere.

501 2459 561 2519 Sed
598 2476 665 2516 cum
702 2476 738 2517 eo
782 2458 918 2533 equidem
956 2476 1016 2517 nou
1061 2458 1177 2517 faciam.
1235 2460 1313 2519 Nam
1351 2459 1420 2517 mibi
1459 2477 1529 2536 per·

403 2564 529 2624 suadere
560 2580 693 2639 nequeo,
738 2561 903 2638 municipes
940 2563 971 2620 iu
1001 2562 1147 2638 principis
1182 2562 1325 2622 honorem
1355 2580 1392 2621 ex
1422 2561 1529 2623 intimo

401 2668 553 2726 hominum
597 2682 708 2741 genere
738 2664 912 2723 sacerdotes
947 2664 1048 2740 legere
1085 2664 1164 2724 ultro
1194 2665 1288 2724 fuisse
1318 2666 1449 2724 animum
1482 2667 1527 2725 iu·

401 2771 558 2844 ducturos,
595 2768 651 2826 nisi
676 2767 834 2843 Augustus
870 2768 934 2842 ipse
964 2768 1114 2843 magistris
1142 2768 1276 2827 vicorum
1300 2769 1411 2827 Romae
1441 2768 1528 2827 insti·

400 2873 473 2931 tutis
510 2871 567 2929 hoc
604 2871 760 2928 consilinm
798 2869 842 2928 eis
871 2869 1102 2944 suppeditasset.
1154 2870 1279 2929 Accedit
1308 2888 1417 2947 magna
1446 2888 1529 2946 quac

402 2974 508 3033 seriris
531 2992 597 3032 cum
622 2973 770 3048 magistris
792 2973 926 3032 vicorum
947 2972 1105 3031 intercedit
1127 2972 1297 3032 similitudo.
1341 2972 1437 3044 Quam
1458 2991 1527 3032 cum

400 3077 518 3152 priores
554 3092 675 3152 operam
714 3074 878 3150 dederuut,
920 3078 953 3132 ut
993 3072 1286 3152 demonstrarent),
1325 3078 1387 3134 tum
1427 3092 1528 3151 nuper

401 3181 602 3238 Mommsenus
632 3173 796 3254 agnovit.⁵)
849 3178 914 3236 Nec
944 3180 1109 3251 potueruut
1138 3177 1316 3236 scholiastae
1345 3176 1463 3236 Horatii
1486 3177 1527 3236 ad

401 3299 487 3341 serm.
520 3281 557 3356 H,
591 3283 619 3357 3,
653 3283 712 3340 281
748 3298 814 3338 cum
846 3279 1063 3355 Augustalibus
1096 3280 1256 3356 magistros
1288 3281 1421 3339 vicorum
1452 3297 1527 3359 ‚cop-

401 3383 545 3461 iundcre,
576 3382 634 3441 uisi
668 3381 744 3441 adeo
775 3382 895 3456 utrique
935 3400 967 3441 se
1006 3385 1197 3457 aequassent.
1259 3381 1347 3442 Certe
1377 3400 1452 3442 vero
1484 3383 1528 3442 ita

400 3485 479 3546 hanc
508 3484 728 3544 similitudinem
758 3486 910 3560 explicare
938 3504 997 3544 uon
1024 3486 1109 3562 licet,
1139 3485 1226 3560 quasi
1255 3486 1427 3562 Augustus,
1456 3502 1526 3544 cum

399 3589 511 3648 Larum
544 3592 574 3647 et
602 3587 687 3647 Genii
714 3587 759 3646 sui
790 3587 964 3663 religionem
996 3587 1154 3663 conderet,
1185 3587 1299 3646 serires
1328 3587 1527 3664 municipales

400 3692 438 3750 ad
461 3691 635 3750 imitandum
651 3689 707 3748 sibi
722 3691 924 3766 proposuerit.
968 3691 1075 3767 Itaque
1096 3689 1243 3767 existimo,
1265 3689 1335 3748 dum
1350 3707 1405 3766 per
1419 3689 1525 3749 urbem

400 3793 667 3868 vicimagistrorum
698 3791 897 3851 sacerdotium
929 3791 1107 3869 instituitur,
1138 3792 1219 3868 quod
1247 3795 1328 3852 certe
1355 3810 1415 3853 non
1444 3792 1527 3852 intra

401 3924 489 3933 --η
499 3926 518 3933 -ο

487 3991 508 4056 ¹)
525 3986 641 4043 Sueten.
660 3987 720 4042 Oct.
739 3993 779 4042 52.
798 3989 831 4041 ct'.
850 3988 913 4043 Dio.
932 3988 1010 4044 Cass.
1029 3992 1070 4056 52,
1089 3991 1129 4042 35.
1147 4017 1181 4027 -
1203 3987 1314 4043 Scilicet
1331 3987 1413 4042 Genii
1430 3989 1526 4045 cultus

398 4072 427 4127 in
440 4088 472 4128 eo
485 4089 598 4128 numero
613 4090 669 4128 nou
681 4080 726 4128 est
738 4075 883 4129 habendus
905 4072 940 4129 cf.
952 4075 1114 4129 Mommsen.
1133 4073 1287 4129 Statsreobt
1300 4073 1336 4142 II,
1351 4078 1409 4128 733.
1421 4074 1486 4128 adn.
1499 4079 1525 4131 3.

484 4163 506 4226 ²)
525 4160 634 4214 Handb.
653 4160 680 4214 d.
698 4177 720 4213 r.
738 4157 776 4214 A.
795 4160 836 4212 IV
853 4162 956 4229 (1856.)
972 4179 1000 4231 p.
1018 4164 1069 4214 424
1087 4176 1124 4214 sa.
1550 4164 1553 4169 '

484 4248 507 4314 ³)
525 4245 560 4299 de
578 4246 632 4314 leg.
651 4261 709 4313 agr.
727 4262 751 4300 c.
770 4250 802 4299 35
821 4249 837 4311 S
857 4250 897 4299 96.
917 4245 951 4300 of.
969 4246 1139 4314 Marquardt
1158 4249 1215 4299 509.

484 4335 507 4396 ⁴)
525 4332 626 4399 Egger.
644 4332 666 4399 I,
685 4335 734 4384 375
748 4347 784 4385 ss.
805 4331 841 4400 II,
860 4335 910 4385 644
923 4347 960 4386 ss.
978 4331 1063 4400 Marq.
1077 4335 1125 4385 509
1144 4347 1181 4386 ss.

486 4418 507 4482 ὖ)
525 4414 623 4471 stater.
641 4416 664 4486 Ι,
682 4420 731 4472 326
749 4417 811 4471 aon.
830 4423 854 4471 r.
