3142 5138
679 1332 695 1404 ξ
716 1337 737 1388 l.

630 1453 792 1524 Praefatio.

234 1599 317 1659 Sicut
338 1603 440 1659 nostra
462 1603 560 1658 aetate
582 1599 691 1659 civium
722 1600 850 1664 societas
880 1616 940 1657 uon
970 1603 1016 1658 est
1044 1598 1136 1658 moles
1158 1614 1218 1656 uua
1240 1600 1271 1656 et
1287 1589 1370 1637 Seviri
1387 1589 1458 1704 dius·

149 1690 305 1781 indigesta,
327 1702 378 1762 sed
403 1705 484 1778 natu,
506 1703 586 1762 vitae
609 1702 734 1779 ratione,
756 1705 895 1779 quaestu,
917 1700 1023 1778 opibus
1045 1700 1179 1760 homines
1194 1699 1272 1758 inter
1288 1673 1460 1775 ffi‘ffiffl

149 1823 181 1865 se
211 1805 352 1865 differunt
388 1809 478 1883 atque
509 1805 539 1863 in
570 1822 682 1881 genera
712 1803 861 1880 quaedam
890 1808 922 1864 et
951 1804 1119 1879 complures
1150 1803 1270 1863 ordines
1304 1794 1448 1842 veniuntur.

149 1907 235 1967 divisi
250 1914 329 1985 suut,
350 1907 428 1966 idem
444 1907 574 1967 valuisse
591 1906 671 1984 apud
688 1923 790 1966 omnes
806 1905 937 1965 omnium
953 1910 1120 1983 temporum
1135 1906 1273 1966 nationes

149 1993 254 2070 alera
277 2010 449 2087 agrestique
472 2010 535 2068 vita
558 2007 596 2068 ad
621 2010 781 2068 humanum
805 2008 919 2068 cultum
936 2009 1112 2084 civilemque
1128 2007 1273 2068 deductas

149 2113 233 2172 nullo
262 2111 388 2172 docente
418 2112 503 2172 uobis
538 2116 715 2189 persuasum
752 2112 816 2171 erit.
876 2112 977 2188 Atque
1012 2111 1093 2189 apud
1122 2113 1273 2172 Romanos

150 2215 269 2292 quidem
291 2234 358 2274 cum
381 2216 412 2273 in
434 2216 500 2290 ipsa
523 2214 596 2274 urbe
619 2216 670 2292 qui
692 2213 804 2274 fuerint
827 2215 935 2273 civium
958 2214 1078 2274 ordines
1094 2215 1273 2290 scriptorum

150 2318 370 2377 narrationibus
399 2317 490 2376 variis
512 2320 602 2394 atque
626 2317 783 2376 uberrimis
805 2318 878 2383 satis
901 2315 1053 2377 commode
1076 2317 1150 2376 disci
1170 2315 1273 2393 possit,

128 2423 252 2507 ‚conus
283 2419 512 2495 municipiorum
521 2415 544 2491 ¹)
575 2422 604 2478 et
633 2419 737 2478 Italiae
767 2422 797 2478 et
819 2419 1039 2495 prouinciarum
1066 2419 1163 2495 qualis
1184 2416 1275 2478 fuerit
1310 2491 1317 2499 ι

152 2522 181 2581 in
209 2522 265 2580 hac
294 2539 327 2581 rc
350 2521 487 2580 condicio
510 2524 690 2599 quaerentes
713 2521 857 2580 librorum
880 2522 1049 2602 testimonia
1071 2521 1222 2581 nonnullis
1243 2520 1274 2578 in

148 2624 222 2684 locis
244 2624 336 2699 plane
359 2623 509 2683 deficiunt.
553 2623 670 2697 Quibus
693 2624 839 2700 angustiis
865 2627 1046 2683 succurrunt
1074 2623 1168 2700 tituli,
1197 2638 1273 2699 quos

149 2727 232 2797 „sive
259 2726 412 2802 negligere
438 2727 503 2784 sive
533 2725 688 2801 aspernari
711 2743 778 2785 cum
809 2727 928 2786 omnino
958 2731 1046 2803 turpe
1078 2743 1143 2786 esse
1173 2742 1273 2785 rerum

149 2830 347 2888 Romanarum
371 2819 523 2888 studioso“
546 2827 635 2904 periti
658 2826 770 2887 dudum
794 2827 971 2905 docuerunt,
993 2832 1055 2888 tum
1077 2828 1126 2888 vel
1147 2827 1274 2887 maxime
1315 2812 1319 2816 ⁵

151 2929 189 2990 ad
218 2931 337 2990 interna
367 2930 518 2989 civitatum
541 2930 678 2990 instituta
700 2947 735 2989 ac
757 2932 852 2989 totum
875 2931 1024 3010 societatis
1047 2931 1142 2990 civilis
1164 2933 1274 2989 statum

149 3032 359 3109 cognoscenda
387 3033 493 3091 summi
523 3049 588 3092 esse
611 3023 752 3094 momenti
783 3049 842 3092 non
866 3033 963 3092 minus
985 3037 1088 3093 notum
1111 3036 1165 3092 est
1208 3032 1274 3092 Jam

40 3152 47 3160 ’
88 3186 93 3192 ,
149 3147 220 3195 voro
247 3135 277 3193 in
300 3134 394 3193 titulis
416 3134 531 3194 Latinis
553 3139 587 3194 nt
609 3133 683 3194 ordo
706 3134 893 3211 municipalis
916 3134 1067 3194 secundus
1089 3135 1138 3194 vel
1159 3134 1274 3195 medius

148 3237 227 3296 inter
253 3235 431 3295 decuriones
460 3242 489 3296 et
512 3237 627 3314 plebem
652 3237 834 3313 Augustales
861 3237 925 3296 sive
947 3238 1058 3297 serviri
1081 3237 1273 3315 Augustales,

149 3338 187 3398 de
209 3338 317 3415 quibus
333 3338 496 3413 scriptores
511 3357 571 3398 uno
588 3341 715 3415 excepto
730 3339 871 3399 Petronio
888 3339 979 3398 altum
994 3342 1100 3399 tenent
1115 3340 1274 3421 silentium,

127 3519 131 3527 Ι
151 3440 362 3516 imperatorum
385 3443 485 3500 aetate
507 3440 675 3500 sexcenties
691 3446 971 3518 commemorantur,
993 3444 1026 3500 ut
1042 3442 1093 3518 qui
1108 3441 1154 3501 his
1168 3439 1274 3501 studiis

151 3546 258 3602 vacant
280 3546 310 3601 et
331 3542 433 3602 titulos
456 3547 580 3620 curant,
603 3543 640 3602 ad
663 3542 892 3618 Augustalitatis
914 3543 974 3601 vim
997 3561 1032 3603 ac
1055 3543 1201 3603 rationem
1224 3560 1273 3603 ex·

84 3684 87 3688 -
149 3645 325 3722 plorandam
346 3645 390 3704 rei
412 3647 562 3721 gravitate
584 3646 693 3705 omissa
720 3645 785 3723 ipsa
810 3646 915 3705 horum
938 3646 1093 3705 titulorum
1116 3645 1274 3707 multitudo

151 3748 279 3807 excitare
302 3747 448 3807 debuerit
805 3751 808 3756 “

233 3850 340 3926 Itaque
362 3849 557 3925 iampridem
581 3868 641 3910 non
671 3842 848 3926 defuerunt,
875 3850 927 3925 qui
956 3849 1034 3909 hanc
1063 3849 1271 3925 quaestionem
1306 3847 1357 3911 Qui
1379 3863 1442 3912 <1¹¹0-

1288 3917 1367 3966 modo
1377 3917 1409 3964 de
1422 3931 1460 3963 se·

150 3949 370 4030 attingerent‘ll,
393 3952 446 4011 sed
469 3953 638 4012 accuratius
661 3969 696 4011 ac
719 3951 789 4010 data
808 3969 901 4028 opera
915 3955 985 4012 ante
1000 3951 1133 4011 hossene
1148 3953 1272 4029 triginta
1289 3984 1349 4033 viris
1389 3983 1461 4048 prius

149 4071 244 4115 annos
280 4073 298 4113 a
331 4054 426 4114 doctis
465 4054 634 4114 hominibus
667 4053 719 4112 illa
751 4052 874 4113 tractari
907 4072 943 4113 ac
974 4053 1132 4131 disceptari
1166 4053 1271 4130 coepit.
1324 4052 1431 4114 egerint.

237 4219 257 4280 ¹)
276 4214 368 4270 Semel
386 4215 491 4269 dictum
509 4215 573 4271 volo
591 4215 644 4269 hoo
663 4203 829 4269 vocabulum
847 4215 875 4267 in
895 4214 1128 4269 commentatione
1142 4229 1203 4270 mea
1215 4213 1273 4270 lere

151 4307 314 4369 usurpatum
336 4316 397 4356 esse
424 4317 511 4356 seusu
528 4301 715 4368 generaliore,
740 4306 773 4354 ut
799 4307 910 4368 praeter
939 4305 1025 4369 caput
1050 4315 1147 4356 omnes
1168 4299 1276 4369 imperii

152 4385 270 4439 Romani
288 4385 416 4440 civitates
434 4401 467 4440 eo
486 4384 687 4454 significentur.

206 4499 208 4504 2
235 4473 257 4537 2)
274 4471 331 4525 vid.
355 4471 516 4539 Marquardt
533 4475 583 4524 500
601 4471 666 4524 adn.
685 4472 700 4520 2
718 4474 748 4524 et
764 4469 816 4524 Ro.
835 4468 997 4524 Stamverw,
1016 4476 1064 4524 513
1083 4470 1145 4525 adn.
1158 4475 1181 4523 2.

1055 4579 1065 4626 l
