3180 5370
421 384 481 447 112

419 561 448 621 15
472 558 566 637 pagos
590 558 819 637 Augustalitatis
840 557 1009 618 institutum
1032 576 1187 619 emanasse
1207 557 1373 629 iudicavit,
1406 558 1541 639 Namque

415 678 565 737 paparano,
590 662 695 738 quiin
719 663 740 719 I.
764 661 801 719 N.
827 663 917 719 1504.
940 663 1033 719 2343.
1056 664 1147 720 2344.
1170 663 1263 721 2346.
1299 662 1335 737 V,
1358 664 1455 723 4148.
1491 660 1539 741 IV,

419 768 501 825 2445
524 764 720 824 inveniuntur
742 763 928 824 condicionis
951 763 1119 841 tibertinae,
1141 763 1360 839 Augustalibus
1383 762 1540 841 oppidani·

417 866 601 943 respondere
625 865 704 925 dicit.
748 867 958 924 Verumtamen
981 864 1056 924 haec
1077 883 1265 942 paganorum
1281 864 1419 944 collegia,
1440 884 1539 943 quam·

418 988 506 1046 quam
530 968 566 1027 nd
590 968 701 1027 Larum
725 968 929 1043 Augustorum
964 971 994 1025 ot
1026 967 1064 1026 ad
1097 966 1203 1033 domus
1225 968 1344 1027 divinae
1366 968 1483 1029 cultum
1510 972 1539 1029 et

417 1074 483 1149 ipsa
509 1069 700 1147 spectabant,
730 1070 768 1128 ab
800 1069 1009 1145 Augustalium
1042 1072 1141 1143 statu,
1172 1070 1292 1146 qualem
1320 1069 1416 1131 fuisse
1444 1070 1538 1147 docui,

417 1192 562 1251 perquam
588 1171 759 1247 discrepare
790 1174 820 1229 et
850 1171 950 1247 potius
981 1190 1048 1231 cum
1078 1171 1226 1231 cultorum
1249 1172 1379 1248 Augusti
1406 1172 1538 1249 collegiis

416 1277 543 1352 aliisque
565 1273 767 1351 comparanda
789 1290 866 1351 esse,
888 1274 1059 1349 quicunque
1081 1275 1254 1334 accuratius
1269 1292 1331 1333 rem
1348 1274 1538 1353 examinabit,

417 1383 585 1455 cognoscet
629 1378 735 1451 Itaque
757 1376 846 1434 etiam
871 1374 916 1433 VI
933 1376 991 1435 viri
1012 1374 1139 1449 55515551,
1161 1394 1287 1454 quorum
1310 1380 1373 1437 tres
1395 1376 1538 1437 habemus

416 1481 518 1541 titulos
539 1480 569 1538 15
592 1496 667 1555 agro
691 1478 830 1539 Comensi
860 1482 890 1537 et
911 1478 1061 1538 OemcneIi
1089 1482 1225 1554 repertos
1253 1478 1301 1554 (V,
1323 1481 1418 1539 5446.
1449 1480 1538 1541 5441.

416 1582 512 1654 7920)
548 1585 663 1641 tantum
698 1580 796 1657 abest,
828 1585 861 1639 ut
891 1580 937 1639 VI
954 1581 1028 1638 uiris
1050 1582 1187 1655 poponis
1216 1580 1316 1641 nescio
1348 1581 1461 1657 quibus
1481 1580 1539 1641 sint

416 1684 606 1762 opponendi,
633 1686 666 1741 ut
687 1682 842 1741 adsentiar
864 1680 1083 1755 Mommsen01)
1114 1683 1276 1759 explicanti
1303 1684 1470 1743 aculeatum
1497 1684 1538 1743 its

415 1787 599 1865 appellatum
623 1784 734 1862 opponi
758 1784 824 1843 aliis
846 1784 1009 1845 honoribus
1030 1802 1049 1843 a
1071 1784 1198 1861 collegio
1230 1790 1317 1845 extra
1340 1786 1445 1847 urbem
1461 1804 1537 1857 ,oon-

415 1890 538 1950 aisteute
561 1888 672 1949 eisdem
696 1886 863 1947 hominibus
885 1886 1014 1946 tributis.
1057 1887 1139 1965 Ergo
1171 1892 1204 1947 ut
1225 1887 1359 1948 flamines
1381 1887 1426 1951 ita
1447 1888 1535 1949 51155

416 1993 532 2052 saviros
553 1990 737 2069 Augustales
759 1989 879 2067 oppidis
902 1992 1017 2050 tantum
1041 1990 1202 2049 convenire
1226 1990 1368 2063 dicemus

814 2292 818 2297 .
940 2252 1015 2324 aas.

518 2352 562 2412 Dc
580 2355 654 2412 civili
671 2355 793 2411 sevirum
811 2354 975 2411 5555151555
998 2360 1025 2410 et
1041 2357 1210 2413 ortatoritoie
1228 2363 1254 2413 ei
1272 2356 1307 2413 de
1325 2356 1436 2415 ordinis

848 2442 970 2496 sevirum
988 2441 1105 2497 iuribus.

228 2566 310 2615 Seviri
328 2564 399 2627 Aug.
503 2554 548 2613 De
576 2552 654 2612 civili
684 2553 814 2613 sevirum
845 2553 1018 2613 coudIciouo
1040 2553 1098 2612 iam
1125 2572 1217 2632 supra
1239 2554 1430 2631 praeteriens
1449 2574 1536 2635 quae·

193 2633 405 2752 'ffiffifoffl
419 2659 487 2718 dam
516 2656 676 2732 disputavi.
719 2655 854 2714 Vidimus
891 2657 987 2734 euim,
1024 2674 1090 2716 cum
1127 2658 1206 2717 servi
1242 2659 1376 2719 55515515
1413 2676 1536 2736 prorsus

398 2738 518 2821 'essent
540 2758 662 2835 exclusi,
682 2757 890 2817 libertinorum
913 2758 994 2817 hunc
1017 2758 1160 2819 honorem
1177 2759 1264 2837 quasi
1287 2778 1358 2821 vere
1380 2762 1536 2839 proprium

415 2863 516 2924 fuisse.
559 2860 593 2920 Id
621 2860 703 2938 quod
737 2877 818 2919 nunc
847 2860 949 2937 paullo
981 2862 1150 2921 accuratius
1179 2869 1414 2939 perscrutemur.
1457 2864 1536 2925 Nam
1573 2844 1576 2849 ⁸

415 2967 466 3042 qui
503 2966 533 3023 15
570 2963 648 3023 hauc
690 2981 753 3022 rem
791 2963 924 3022 intentus
959 2963 1064 3023 titulos
1103 2964 1218 3042 exiget,
1264 2970 1426 3043 cognoscet
1476 2984 1537 3027 555

415 3067 507 3127 fuisse
529 3066 586 3125 5151
610 3068 708 3125 certas
731 3064 876 3142 quasdam
892 3064 1041 3144 regiones,
1064 3066 1094 3125 15
1111 3068 1219 3144 quibus
1235 3068 1357 3145 Ingenui
1374 3068 1537 3129 seviratum

416 3170 566 3245 suscipere
600 3187 659 3227 nou
693 3167 937 3243 dedignarentur.
981 3168 1102 3228 Scilicet
1124 3188 1161 3229 ex
1183 3170 1330 3230 libertinis
1352 3170 1424 3232 solis
1448 3172 1538 3233 seviri

415 3290 467 3331 seu
490 3270 682 3350 Augustales
695 3269 836 3330 videntur
859 3271 1028 3331 constitisse
1054 3271 1084 3331 in
1107 3272 1275 3350 Hispaniis,
1307 3272 1403 3334 Gallia
1425 3276 1536 3336 ’15555-

415 3369 563 3452 5151551),
591 3373 678 3432 115115
709 3373 850 3432 inferiore
882 3374 998 3433 omissis
1020 3374 1115 3434 titulis
1138 3375 1241 3435 Piceni
1264 3376 1478 3457 suburbicarii,
1505 3378 1535 3438 15

414 3475 553 3536 Sardinia
561 3472 602 3552 ³),
623 3477 652 3534 15
676 3479 739 3536 1515
763 3475 901 3553 illyrico,
931 3477 962 3534 in
985 3478 1148 3554 proviaciis
1171 3477 1295 3538 Graecis
1323 3482 1472 3557 quotquot
1493 3466 1536 3541 15-

414 3581 496 3638 venti
519 3582 603 3653 sunt,
625 3578 657 3636 15
680 3578 833 3638 Rhenanis
855 3580 1030 3655 regionibus
1053 3584 1180 3656 excepto
1213 3600 1273 3640 555
1302 3582 1390 3643 111515
1419 3584 1537 3683 Bqamb.

415 3684 472 3757 82,
502 3681 632 3758 dentque
655 3682 685 3739 15
708 3681 848 3741 Helvetia
879 3685 1001 3757 praeter
1022 3683 1123 3742 titulos
1146 3683 1168 3742 I
1191 3683 1228 3743 H.
1252 3687 1301 3745 27.
1326 3687 1395 3745 133.
1439 3687 1536 3747 Etiam

501 3845 522 3911 ¹)
540 3842 574 3911 V,
592 3842 679 3911 praet
697 3843 732 3896 ad
751 3843 794 3897 tit.
813 3843 941 3898 Oomens.

498 3931 521 3995 ²)
538 3929 580 3983 De
598 3929 680 3982 111515
696 3929 788 3983 Boias.
806 3927 854 3996 VI,
872 3929 997 3983 XXXIII
1015 3930 1051 3985 cf.
1068 3947 1096 3999 p.
1110 3932 1141 3983 29
1160 3946 1197 3986 55.

498 4016 522 4080 ³)
540 4013 608 4067 Nam
620 4013 734 4067 titulum
748 4015 821 4068 della
833 4014 926 4068 11555.
939 4030 966 4082 p.
980 4018 1037 4069 480.
1056 4031 1082 4068 5.
1096 4019 1136 4083 35,
1149 4032 1230 4084 quem
1247 4023 1386 4086 tamquam
1399 4016 1535 4073 Sardoum

413 4113 447 4153 ex
469 4097 606 4153 Panvinio
630 4097 746 4153 exhibet
773 4098 910 4154 Gruterus
934 4104 980 4167 45,
999 4104 1015 4154 9
1042 4105 1071 4155 51
1087 4101 1190 4170 Β51115,
1214 4101 1267 4156 155.
1291 4102 1371 4157 Rom.
1389 4120 1416 4172 p.
1429 4107 1476 4173 49,
1494 4103 1536 4159 511

413 4183 487 4237 della
510 4184 644 4237 Marmora
665 4183 694 4236 15
712 4182 838 4238 Sardinia
862 4200 916 4238 555
942 4185 1059 4253 1555511,
1076 4186 1243 4241 itaomuino
1261 4188 1449 4243 adulterinum
1465 4189 1536 4245 iudi·

413 4283 508 4322 comus
539 4273 660 4337 oportet.
701 4268 811 4322 Etenim
838 4267 928 4326 Vlvir
951 4270 1040 4339 Aug,
1066 4270 1114 4338 qui
1137 4272 1210 4326 idem
1234 4273 1273 4327 511
1295 4275 1338 4329 vir
1361 4290 1419 4330 555.
1442 4274 1534 4331 sadai.

415 4353 579 4408 Hadrianoi.
592 4352 650 4423 lep.
669 4353 720 4423 lep.
739 4359 789 4408 551.
808 4359 883 4408 certe
901 4355 1045 4410 iuauditus
1063 4361 1115 4409 est.
