3180 5370
1229 421 1376 482 91.

149 575 278 663 arbitror
299 607 359 662 tam
382 594 564 678 generaliter
586 601 701 678 scripta
724 616 804 677 esse,
835 601 867 657 ut
895 596 1043 672 etiamad
1066 597 1268 674 sportularum

149 704 324 764 divisionem
351 735 393 743 -
422 722 483 764 non
512 705 610 764 solum
639 703 677 762 ad
707 720 794 762 veras
825 702 931 777 epulas
961 731 1002 740 -
1033 701 1218 776 pertinerent
1240 703 1270 758 et

148 807 341 868 accomodata
363 811 471 885 essent,
492 807 584 865 veluti
606 806 637 864 in
660 807 695 864 A.
710 809 772 864 n.3
796 804 1009 864 decurionibus
1031 808 1061 863 et
1083 806 1269 864 ornamenta·

147 910 434 976 riis'decurionibus
456 909 599 990 videmus
614 909 733 969 easdem
756 908 906 986 sportulas
929 906 1075 967 distribui.

232 1012 348 1073 Deinde
385 1017 469 1072 veste
499 1012 684 1072 decuriouali
722 1012 764 1071 uti
780 996 825 1070 ¹et
840 1011 946 1070 'etlam
981 1009 1174 1068 decurionum
1209 1008 1268 1069 ritu

146 1115 267 1192 sepeliri
290 1119 371 1174 certe
387 1115 615 1175 ornamentariis
637 1132 811 1175 concessum
828 1119 873 1174 est
881 1110 912 1185 ¹).
956 1114 1000 1172 De
1017 1113 1127 1189 qulbus
1143 1112 1268 1172 alterum

147 1218 216 1278 inde
249 1196 401 1294 sequitur,
440 1217 521 1294 quod
562 1218 662 1277 omnia
698 1223 890 1292 ornamenta,
926 1217 992 1275 dico
1029 1215 1268 1290 Augustalitatis,

148 1321 360 1399 decurionalia,
388 1322 541 1399 aedilicia,
572 1321 740 1380 duoviralia
762 1325 817 1381 cet.
845 1321 917 1396 ipsis
945 1319 1093 1379 defunctis
1115 1318 1265 1378 interdum

59 1423 76 1488 ’,
147 1423 358 1484 decernuntur.
406 1425 447 1483 Ar
469 1442 542 1483 saue
566 1425 613 1482 hic
636 1424 790 1499 miraberis
812 1424 911 1482 locum
938 1425 968 1481 in
991 1422 1169 1499 spectaculis
1191 1421 1269 1481 inter

124 1526 325 1611 ’decuriones
350 1517 575 1602 ¹adsignandum
605 1547 622 1585 a
652 1545 697 1584 mc
728 1546 787 1586 non
821 1526 924 1585 haberi
956 1527 986 1583 in
1016 1542 1140 1583 numero
1170 1523 1267 1582 iurum

146 1646 222 1703 quae
253 1629 479 1688 ornamentariIs
508 1629 725 1689 tribuebantur.
775 1628 834 1689 Sed
861 1630 989 1707 primum
1012 1627 1192 1688 monendum
1215 1629 1268 1699 est,

146 1730 317 1807 ubicunque
341 1734 514 1791 ornamenta
536 1715 738 1792 decurionalia
760 1733 929 1792 accuratius
952 1731 1172 1807 describuntur,
1194 1728 1267 1789 iuris

146 1834 302 1911 spectandi
325 1851 362 1892 cx
386 1834 578 1893 decurionum
602 1836 668 1894 loco
692 1853 844 1911 nunquam
868 1836 1046 1894 mentionem
1061 1824 1155 1892 fieri(
1178 1831 1266 1906 unco

97 1939 102 1948 “
146 1918 179 1995 ut
209 1937 290 1996 casui
312 1937 361 1995 vel
384 1955 465 1996 mero
489 1956 606 2014 eorum,
637 1939 688 2013 qui
711 1939 764 1997 hos
786 1938 890 1996 titulos
917 1938 1125 2013 scripserunt,
1146 1933 1287 1994 arbitrio

144 2039 288 2116 tribuam,
317 2058 335 2097 a
365 2057 411 2097 me
441 2040 602 2116 impetrare
630 2059 691 2099 uon
719 2058 849 2116 possum.
893 2030 970 2098 Tum
992 2036 1065 2098 reru
1088 2041 1185 2096 exstat
1207 2054 1266 2095 mo-

145 2145 318 2200 numentum
328 2139 366 2219 12Ι,
394 2143 423 2201 in
448 2160 507 2218 quc
531 2143 680 2218 expressis
703 2144 804 2202 verbis
834 2142 1086 2218 ornamentarius,
1116 2139 1167 2216 qui
1189 2139 1267 2198 idem

146 2248 265 2304 creatur
295 2245 472 2321 Augustalis
501 2249 531 2304 et
560 2245 747 2322 biselliarius,
783 2248 837 2323 „in
870 2245 1005 2304 omnibus
1035 2241 1266 2319 spectaculis..

124 2347 228 2405 'iuter
249 2349 431 2421 Arcpurtoles
455 2335 635 2408 cousiderc“
658 2351 785 2408 iubetur.
830 2349 914 2422 Quae
937 2367 1004 2406 cum
1020 2349 1062 2406 ita
1077 2348 1143 2420 sint,
1167 2363 1266 2421 quam-

61 2453 63 2460 “
145 2450 191 2509 vis
214 2450 329 2525 etipse
353 2448 404 2507 diu
428 2450 639 2528 dubitaverim,
661 2454 760 2510 tamen
783 2455 933 2528 postremo
956 2451 987 2509 in
1009 2467 1074 2508 eam
1097 2449 1266 2525 opinionem

146 2550 295 2611 adductus
318 2570 392 2628 sum,
416 2553 501 2611 utin
525 2555 706 2630 spectaculis
730 2554 966 2614 ornamentarios
988 2553 1067 2611 iuter
1089 2551 1266 2611 decuriones

144 2646 205 2713 don
227 2654 340 2714 sedisse
362 2657 532 2714 statuerem.

228 2757 363 2816 Transeo
393 2756 431 2815 ad
463 2761 639 2816 ornamenta
667 2758 806 2816 aedilicia
832 2761 862 2817 et
884 2757 1094 2818 duumviralia.
1138 2759 1264 2832 Quaea
1315 2750 1418 2828 09²²&-

128 2859 385 2919 'decurionalibus
413 2861 455 2918 ita
483 2862 598 2918 tantum
631 2861 701 2918 mihi
727 2861 870 2921 videntur
899 2861 1101 2939 discrepasse,
1135 2866 1183 2939 ut,
1213 2863 1265 2938 qui
1288 2818 1448 2936 {ffdffiiaft

143 2962 199 3021 illis
229 2961 367 3021 honorati
396 2966 515 3038 essent,
545 2965 574 3020 et
597 2962 734 3021 aedilium
757 2963 954 3022 duovirumve
977 2965 1087 3024 vestitu
1110 2967 1266 3023 uterentur
1367 2959 1370 2965 ’

143 3068 174 3123 et
195 3065 224 3122 in
249 3065 331 3123 cenis
354 3064 479 3139 publicis
501 3065 579 3123 inter
602 3065 753 3125 aedilicius
776 3065 987 3126 duoviralesve
1007 3067 1104 3125 locum
1121 3065 1266 3126 haberent

143 3167 192 3226 vel
218 3166 370 3243 sportulas
401 3166 520 3250 easdem
551 3170 641 3244 atque
663 3168 706 3226 illi
742 3149 922 3244 acciperent.
974 3170 1091 3228 Etenim
1120 3187 1265 3227 nonnum-

144 3288 231 3345 quam
263 3269 293 3327 in
323 3270 478 3346 epularum
509 3269 656 3329 divisione
688 3270 960 3347 quinquennalieiis
990 3271 1091 3330 IIviris
1122 3271 1265 3331 aediliciis

142 3373 210 3450 plus
233 3372 360 3431 dabatur
382 3391 470 3449 quam
494 3374 599 3433 ceteris
622 3371 846 3451 decurionibus,
876 3374 942 3433 dico
965 3373 1099 3451 pedanis.
1122 3372 1170 3446 (cf.
1192 3376 1214 3434 Ι.
1228 3375 1265 3433 N.

145 3477 217 3534 189:
248 3476 428 3535 ..coloniae
445 3477 590 3549 patronis
611 3479 687 3551 stup.
711 3476 765 3535 HS
784 3476 851 3534 XX
868 3493 895 3534 u.
920 3493 985 3550 pp.
1009 3476 1049 3533 II
1066 3477 1120 3535 uir.
1144 3478 1263 3537 aedilis.

142 3577 216 3650 stup.
241 3576 300 3635 HS.
330 3579 497 3637 ..ceteris
520 3578 642 3638 conduc.
667 3579 725 3638 HS.
760 3624 793 3637 ..
824 3579 932 3638 scutris
962 3579 1035 3653 Auo.
1066 3578 1119 3637 HS
1144 3578 1215 3637 XII
1234 3597 1263 3639 u.

143 3681 218 3749 cet.)
272 3679 449 3739 Aedilicium
478 3682 543 3756 ius,
571 3681 652 3758 quod
675 3686 720 3742 est
741 3683 772 3741 in
800 3683 843 3760 ΙΙ,
872 3685 955 3742 4061
986 3701 1047 3741 nou
1078 3680 1198 3740 differre
1228 3683 1265 3742 ab
1355 3711 1358 3715 ’

143 3783 291 3840 aediliciis
323 3782 484 3841 bonoribus
517 3785 547 3842 in
581 3785 625 3862 ΙΙ,
656 3788 739 3845 4062
773 3804 872 3862 neque
903 3815 946 3826 -
978 3785 1008 3844 id
1042 3782 1121 3861 quod
1152 3783 1264 3843 addere

142 3885 241 3960 potuit
254 3914 297 3961 ὴ
312 3884 347 3943 ab
371 3887 521 3944 aediliciis
543 3890 728 3945 ornamentis
750 3886 780 3946 in
802 3888 941 3964 11,4268‚
966 3906 1032 3946 cum
1049 3884 1264 3958 Mommsen03)

143 3987 306 4046 consentio.
358 3986 469 4046 Contra
500 3989 580 4063 quod
609 4007 646 4047 ex
669 3992 712 4047 tit.
735 3991 771 4065 ΙΙ,
793 3992 875 4049 4061
899 3992 951 4049 ille
974 3990 1095 4066 quidem
1119 3988 1266 4048 conclusit

141 4090 295 4167 „aedilicia
317 4089 447 4165 insignia
470 4092 573 4150 seritis
596 4091 782 4167 frequentius
806 4092 926 4151 decreta
953 4110 1018 4152 esse
1042 4110 1097 4169 pro
1121 4093 1264 4169 tempore,

231 4320 251 4386 ¹)
269 4317 304 4372 cf.
322 4319 472 4375 Mommsen
493 4322 510 4374 Ι.
523 4322 539 4375 Ι.
558 4321 579 4390 Ι,
599 4326 647 4375 443
659 4338 680 4376 s.
857 4322 879 4384 ²)
898 4317 934 4373 A.
953 4336 979 4373 n.
995 4323 1033 4373 16.

228 4406 249 4467 ³)
267 4404 302 4457 ad
320 4404 358 4470 ΙΙ,
375 4408 450 4458 4061.
