3180 5370
330 454 350 514 8

328 629 414 690 tituli.
459 629 526 702 Quo
549 628 629 689 iacto
653 627 834 702 videbimus,
867 646 1015 704 quaenam
1042 628 1072 685 in
1095 627 1138 685 eis
1160 626 1294 703 oppidis,
1325 645 1453 703 quorum

327 730 438 808 proditi
467 735 540 791 sunt
568 735 600 791 et
628 731 719 791 seviri
749 734 779 790 et
800 730 997 806 Augustales,
1029 734 1225 819 utrorumque
1254 729 1389 793 condicio
1420 748 1455 788 ae

330 833 520 894 necessitudo
543 832 644 892 fuerit.
688 832 867 909 Priusquam
890 837 990 892 autem
1011 832 1127 891 initium
1142 829 1285 891 faciamus
1299 830 1455 909 examinis,

327 937 434 1013 paucis
455 935 664 999 adumbremus
694 939 812 1012 oportet
842 935 1005 994 secundum
1035 933 1135 994 fontes
1162 939 1231 1009 post
1253 935 1388 994 Henaeui
1416 933 1454 995 de

327 1039 385 1101 hoe
406 1041 584 1116 argumento
609 1039 884 1098 commentationem
908 1037 1067 1097 admodum
1085 1039 1189 1096 auctos
1205 1041 1296 1113 atque
1312 1037 1454 1115 digestos,

327 1140 507 1217 quibusnam
528 1140 558 1199 in
581 1141 745 1217 provinciis
768 1140 925 1217 oppidisve
948 1158 1007 1199 uno
1024 1138 1153 1216 nomine,
1175 1144 1228 1197 ant
1243 1139 1453 1216 Augustalium

328 1247 381 1303 aut
403 1244 551 1320 sevirum,
574 1243 768 1309 6616616111
791 1239 827 1302 de
850 1242 958 1319 quibus
980 1259 1029 1301 res
1052 1246 1098 1300 est
1118 1242 1249 1319 Augusti
1271 1242 1453 1319 sacerdotes,

329 1350 359 1404 et
381 1344 432 1405 ubi
454 1345 639 1422 potissimum
662 1349 694 1404 et
715 1345 927 1422 Augustalium
961 1349 991 1404 et
1016 1345 1147 1403 sevirum
1176 1344 1266 1403 simul
1296 1344 1326 1403 in
1358 1344 1452 1404 titulis

330 1446 382 1507 liat
403 1448 522 1508 mentio.
1331 1516 1334 1521 ,

138 1540 191 1589 Ubi
199 1540 330 1618 Augusta·
415 1549 516 1626 Atque
538 1550 720 1626 Augustales
742 1550 860 1627 quidem
891 1550 1031 1626 proprios
1061 1567 1127 1608 esse
1150 1548 1244 1608 titulis
1275 1549 1305 1607 iu
1327 1549 1452 1609 Bruttiis

140 1607 312 1726 levsensiqlpmrp-
330 1651 465 1713 Lucania
487 1651 623 1713 calabria
645 1652 757 1728 Apulia
779 1653 959 1731 Campaniae
983 1652 1109 1711 maxima
1136 1655 1222 1728 parte
1245 1651 1373 1728 repertis
1395 1654 1453 1711 iam

327 1755 489 1815 Heuaenus
510 1755 729 1815 animadvertit.
773 1755 832 1816 Sed
854 1756 897 1815 uti
913 1755 943 1813 iu
960 1754 1085 1814 Bruttiis
1100 1755 1225 1830 Regium
1242 1755 1451 1830 excipiendum

328 1873 395 1916 esse
418 1861 550 1934 constat,
582 1862 687 1935 utpote
717 1857 803 1918 cuius
839 1859 868 1916 in
901 1857 987 1917 titulo
1017 1858 1068 1933 qui
1099 1858 1157 1916 huo
1186 1856 1259 1916 iacit
1289 1876 1349 1917 uno
1373 1859 1453 1918 sevir

328 1958 504 2037 Augustalis
527 1964 783 2038 commemoretur,
806 1961 848 2019 ita
870 1961 960 2019 etiam
982 1959 1083 2019 Eburo
1105 1959 1257 2020 Lucaniae
1279 1960 1391 2038 oppido
1413 1979 1452 2019 an

328 2061 429 2136 potius
466 2063 556 2122 sevini
592 2064 775 2139 Augustales
813 2064 873 2123 sint
909 2062 1091 2122 attribuendi
1126 2081 1272 2139 perquam
1309 2060 1451 2134 dubito.¹)
1504 2134 1512 2138 ⁴

328 2165 436 2240 Neque
458 2164 554 2224 minus
575 2166 606 2225 in
622 2167 708 2226 titulo
723 2166 904 2226 Aeclanensi
919 2164 1049 2242 Apuliae
1064 2165 1087 2223 1.
1102 2166 1139 2223 N.
1154 2168 1234 2225 1163
1250 2166 1340 2224 IIlllI
1354 2165 1452 2225 virum
1550 2178 1562 2194 ³

252 2333 255 2337 ,
328 2266 366 2325 ab
388 2266 504 2327 editore
526 2267 602 2328 falso
625 2269 798 2328 restitutum
822 2285 886 2327 esse
909 2271 1063 2344 procerte
1080 2266 1310 2343 haberinequit.
1344 2270 1451 2328 Puteo·

328 2369 366 2427 lis
387 2373 501 2446 autem,
531 2369 616 2429 cuius
646 2371 728 2430 urbis
758 2371 877 2429 circiter
899 2368 1069 2445 quindecim
1098 2374 1217 2429 exstant
1239 2369 1450 2447 Augustalium

328 2471 421 2547 tituli,
444 2473 473 2535 iu
497 2491 557 2532 uno
580 2473 628 2532 vel
652 2472 769 2532 duobus
795 2472 885 2531 etiam
908 2472 1022 2531 saviros
1046 2473 1270 2531 commemorari
1293 2471 1451 2546 constat.²)

329 2572 441 2634 Contra
462 2575 617 2651 inscriptio
640 2576 661 2632 Ι.
683 2576 720 2633 N.
739 2577 796 2634 121
821 2575 894 2651 quin
910 2573 1021 2650 Ostiae,
1042 2593 1102 2634 666
1125 2574 1248 2634 Salerno
1271 2574 1456 2638 vindicanda

329 2677 450 2737 sitnon
474 2681 519 2736 cst
541 2669 705 2755 dubium.³)
750 2676 868 2737 Deinde
896 2677 975 2736 solos
998 2676 1180 2753 Augustales
1207 2678 1353 2755 praebent
1375 2679 1453 2738 tituli

418 2892 439 2957 ¹)
456 2889 524 2944 Nam
548 2889 657 2944 etiamsi
680 2891 752 2944 nolis
776 2891 860 2960 plane
882 2890 1016 2946 adsentiri
1040 2891 1221 2959 Mommseno,
1245 2892 1292 2959 qui
1316 2893 1453 2960 supplens

220 2976 232 2999 ⁸
329 2975 359 3028 in
386 2975 406 3027 l.
426 2974 458 3029 N.
479 2979 540 3043 189,
568 2980 598 3029 11
621 3017 627 3028 .
647 3017 653 3028 .
676 2976 809 3044 scvirHS
831 2975 1129 3032 SAVGVSTALJB.
1152 2975 1201 3032 HS
1223 2974 1294 3030 XII
1313 2977 1348 3030 N.
1371 2977 1454 3030 inter-

329 3065 456 3128 pretatus
479 3065 535 3114 est:
566 3061 692 3115 seviris
720 3061 875 3130 singulis
906 3061 1178 3130 Augustalibus,
1208 3067 1301 3116 tamen
1330 3061 1476 3116 Henneni'

330 3161 441 3215 quoque
454 3144 588 3214 opinioni,
599 3147 707 3201 litteras
720 3145 762 3201 IS
773 3138 904 3216 reliquias
917 3162 981 3200 esse
991 3146 1072 3201 verbi
1085 3147 1203 3215 siliquiis
1216 3152 1244 3200 et
1256 3147 1372 3201 alterum
1385 3146 1455 3201 illud

332 3231 354 3286 S
370 3229 440 3283 nihil
458 3230 513 3284 nisi
531 3231 639 3298 lapsum
658 3231 806 3301 lapicidae,
824 3233 922 3286 obstat
940 3233 1015 3300 quod
1033 3236 1179 3300 praeterea
1190 3231 1219 3284 iu
1232 3231 1284 3285 hoc
1297 3233 1360 3300 ipso
1373 3233 1456 3287 titulo

329 3315 474 3370 invenitur
492 3316 561 3388 siap.
580 3331 636 3369 non
662 3316 797 3386 scriptum
815 3317 944 3371 omnibus
962 3316 1074 3384 litteris,
1103 3322 1131 3371 61
1154 3317 1271 3387 arnualis
1295 3317 1380 3371 verbo
1399 3319 1454 3372 Aa·

328 3401 484 3473 partetibus
497 3402 684 3470 antepositum
697 3409 741 3457 est
760 3409 855 3456 contra
866 3418 970 3456 morem
984 3403 1051 3456 alias
1063 3402 1093 3455 in
1106 3401 1159 3455 hoc
1173 3402 1255 3456 titulo
1269 3403 1456 3457 observatum.

331 3487 427 3554 Neque
446 3502 513 3541 1616
531 3482 639 3541 suffieit
656 3488 732 3555 quod
749 3488 900 3543 Hennenus
925 3488 1008 3542 affert
1030 3489 1066 3541 ad
1083 3487 1221 3541 rationem
1241 3503 1319 3541 suam
1337 3489 1456 3556 proban-

332 3572 408 3639 dam,
434 3588 496 3626 cum
519 3577 672 3627 ceterorum
694 3572 803 3626 illarum
831 3573 976 3643 regionum
1005 3572 1172 3640 oppidorum
1200 3588 1253 3626 usu
1280 3570 1456 3641 Augustales

331 3662 438 3711 tantum
456 3657 614 3712 convenire.
650 3659 719 3713 Nam
736 3658 776 3712 ita
794 3656 908 3726 saepius
926 3658 1086 3712 continuam
1102 3658 1201 3712 seriem
1213 3657 1389 3727 oppidorum,
1407 3660 1456 3713 ubi

331 3758 388 3796 uon
405 3747 518 3797 exstent
535 3743 590 3796 nisi
608 3748 657 3797 aut
668 3742 842 3810 Augustales
861 3747 911 3797 aut
929 3744 1022 3809 seviri,
1040 3742 1199 3797 videbimus
1217 3743 1381 3812 interrumpi
1400 3759 1457 3799 uno

331 3828 463 3896 alterove,
482 3827 562 3882 cuius
580 3829 656 3895 tituli
674 3829 708 3882 ab
732 3827 784 3882 hae
800 3844 897 3882 norma
914 3829 1053 3883 recedant.
1066 3829 1105 3896 (1.
1118 3844 1141 3881 6.
1158 3828 1188 3881 16
1206 3828 1362 3896 Hispania.)
1397 3829 1458 3894 Qua

332 3913 367 3968 de
394 3929 492 3967 caussa
519 3928 630 3982 161661,
658 3928 692 3967 66
719 3914 823 3967 1661166
848 3930 909 3968 eum
929 3913 1062 3968 Henneno
1086 3915 1202 3967 alterum
1220 3914 1332 3982 quidem
1349 3914 1460 3970 illudS

332 3998 510 4067 quadratario
528 3998 596 4052 vitio
613 4004 770 4066 vertamus,
798 4000 848 4053 sed
871 4000 980 4053 litteras
999 3998 1038 4054 IS
1054 3998 1190 4053 seviris‘
1207 4015 1269 4052 cum
1287 4000 1457 4054 Mommseno

333 4084 520 4152 suppleamus.
562 4085 733 4154 Quamquam
751 4085 821 4155 simp.
839 4083 1098 4154 post‘Aapustalib.
1116 4084 1257 4138 etiamtum
1275 4084 1378 4153 requiri
1394 4101 1457 4140 can-

333 4169 397 4224 dide
415 4169 555 4237 profiteor.
1406 4212 1412 4224 .

417 4254 528 4322 21111.
548 4255 733 4309 1468111166.
752 4255 806 4322 Vl,
830 4271 856 4308 u.
879 4252 1040 4308 XXXVIII.
1082 4253 1138 4310 Sed
1162 4255 1280 4308 alterum
1302 4255 1458 4324 exemplum

332 4356 388 4394 666
407 4355 501 4408 premo
518 4340 621 4395 ductus
636 4340 743 4394 ratione
761 4340 795 4394 ab
813 4340 945 4395 Heuaeno
963 4355 990 4407 p.
1009 4342 1058 4393 206
1076 4341 1169 4395 allata.
1440 4349 1442 4352 ’

417 4428 440 4492 ³)
457 4422 491 4479 61.
510 4425 633 4480 Η66166.
650 4425 687 4478 ad
706 4424 750 4479 0r.
770 4429 845 4480 llos.
864 4431 892 4480 61
909 4425 1000 4478 annal.
1022 4428 1095 4494 1851,
1117 4431 1173 4480 151.
