3142 5138
265 368 305 427 44

260 512 430 601 imitaretur
441 534 466 620 ¹)
488 545 547 601 tam
569 541 654 600 brevi
668 545 802 616 tempore
823 559 919 618 prope
939 536 998 618 per'
1009 540 1162 601 dimidium
1179 540 1259 600 orbis
1273 538 1390 598 radices

263 648 368 720 ageret
397 648 487 721 atque
515 645 760 704 inveterasceret
809 643 872 702 lam
902 662 969 704 oum
999 645 1030 702 iu
1060 643 1195 720 plurimis
1217 641 1308 702 rebus
1331 641 1389 701 col·
1449 719 1452 727 s

263 748 407 822 legiorum
429 748 558 806 sevirum
581 749 611 806 et
632 747 848 820 Augustalium
870 751 979 807 statum
1003 747 1097 806 multo
1120 747 1213 821 magis
1235 744 1390 804 videamus

264 848 391 908 euudcm
421 865 503 926 esse,
532 866 621 924 quam
653 866 749 925 usque
783 848 821 907 ad
852 848 933 909 huno
961 849 1038 909 diem
1069 849 1203 908 homines
1226 847 1307 907 docti
1327 846 1390 906 fere

264 950 464 1028 crediderunt,
487 952 575 1011 etiam
598 969 743 1010 numero
767 951 957 1011 sacerdotum
981 969 1148 1011 annuorum
1170 951 1200 1009 in
1217 950 1389 1009 uuiversum

263 1072 299 1112 ea
320 1053 399 1113 inter
413 1071 445 1112 se
460 1071 521 1113 nou
537 1053 724 1130 discrepasse
747 1052 881 1113 mihimet
895 1055 1058 1130 probabilis
1074 1052 1194 1114 videtur
1210 1053 1390 1112 coniectura

262 1158 339 1216 Nam
371 1157 458 1216 etiam
486 1157 516 1214 in
547 1156 603 1216 hac
636 1175 669 1216 re
692 1157 905 1235 principatum,
934 1160 1048 1233 quanto
1077 1156 1134 1216 fuit
1162 1156 1260 1216 studio
1291 1155 1390 1215 omnia

264 1258 451 1336 exaequandi
474 1262 504 1320 et
527 1258 563 1318 ad
587 1258 716 1318 libellam
740 1258 892 1335 exigendi,
915 1259 971 1318 sibi
987 1278 1048 1319 nou
1064 1258 1196 1320 defuisse
1211 1258 1391 1334 putaverim.

264 1362 330 1437 Quo
361 1362 427 1421 loco
459 1379 497 1420 ne
520 1361 651 1437 opineris
678 1379 730 1420 -mc
752 1360 876 1420 oblitum
900 1379 965 1421 esse
990 1362 1041 1421 vel
1062 1362 1202 1437 ignorare
1225 1366 1286 1420 tres
1308 1361 1389 1420 viros

263 1465 445 1541 Augustales
467 1464 622 1542 Amiterni,
646 1463 796 1524 octoviros
817 1464 911 1523 Firmi
933 1467 963 1524 et
984 1465 1152 1540 Falerionc,
1174 1463 1390 1541 quinqueviros

262 1567 450 1626 Interamnae
481 1560 664 1646 Praetutt.2)
697 1570 726 1626 ct
755 1564 912 1639 Truenti3)
944 1572 1090 1645 repertos.
1147 1568 1225 1627 Nam
1261 1566 1306 1625 his
1340 1584 1390 1634 ex,-

264 1670 464 1746 ceptiunculis
492 1688 565 1730 sane
587 1670 756 1747 perpaucis,
787 1670 813 1729 si
836 1653 1051 1747 comparantur
1082 1689 1149 1730 cum
1177 1670 1292 1745 ingenti
1321 1687 1390 1728 cou-

262 1790 362 1849 scnsu,
384 1773 518 1849 regulum
540 1792 600 1835 nou
616 1773 732 1833 turbari
747 1772 973 1832 concedendum
989 1777 1040 1833 est.
1069 1774 1154 1832 Neve
1169 1772 1241 1832 milri
1255 1789 1390 1850 opponas

154 1944 157 1948 ⁴
263 1874 482 1950 magistratibus
511 1879 540 1935 et
571 1894 670 1935 rerum
701 1876 888 1953 publicarum
919 1880 1000 1935 statu
1031 1876 1119 1934 etiarn
1138 1876 1197 1935 sub
1220 1875 1389 1951 principatu

262 1978 483 2062 provinciarum
517 1982 547 2037 et
576 1979 700 2038 maxime
734 1979 838 2039 Italiae
879 1978 991 2055 oppida
1020 1978 1210 2038 multifariam
1249 1978 1327 2037 inter
1357 1994 1390 2036 sc
1482 2047 1486 2056 ἱ

263 2079 383 2140 diversa
412 2079 512 2140 fuisse.
564 2081 648 2140 Haec
677 2074 755 2139 enim
797 2085 867 2140 sunt
900 2081 1038 2140 instituta
1075 2081 1241 2157 antiquitus
1270 2079 1391 2144 tradita

263 2200 390 2259 quorum
412 2183 489 2242 ratio
512 2182 651 2243 habenda
675 2188 755 2243 essct
777 2184 972 2261 principibus,
1003 2202 1070 2243 oum
1092 2184 1173 2259 leges
1195 2182 1389 2259 municipales
1424 2192 1432 2200 “

263 2288 364 2344 esseut
393 2286 587 2362 proposituri.
636 2285 747 2346 Contra
778 2287 983 2362 Augustalitas
1013 2290 1086 2346 tuno
1116 2291 1181 2347 erat
1210 2285 1259 2345 hic
1282 2286 1390 2362 oriens,
1425 2356 1426 2361 η

262 2387 324 2447 illic
346 2405 453 2448 recens
475 2393 550 2447 orta.
594 2389 675 2464 Ergo
699 2389 829 2466 principi
852 2388 979 2449 facultas
1002 2387 1058 2448 fuit
1079 2389 1160 2448 illius
1182 2387 1317 2447 ordinem
1333 2405 1388 2448 suo

263 2489 385 2549 arbitrio
400 2490 621 2550 constituentis
1112 2502 1115 2508 ’

68 2594 251 2673 Seviusiuguli
292 2637 295 2643 -
348 2592 442 2654 Senos
465 2593 652 2667 Arpocrates
674 2593 874 2653 sacerdotium
902 2612 1034 2654 annuum
1057 2593 1185 2670 gessisse
1207 2597 1240 2652 ut
1262 2592 1391 2670 credam,

59 2663 251 2779 Apngrerffltsius
264 2688 389 2775 amplius
404 2715 440 2756 co
455 2684 597 2773 adducor,
613 2695 695 2773 quod
710 2697 740 2754 in
762 2696 880 2774 oppidis
901 2696 1145 2773 regionibusque,
1167 2695 1217 2755 ubi
1231 2699 1390 2772 practerea

264 2799 320 2858 soli
341 2798 531 2873 Augustales,
548 2784 753 2873 inveniuntur,
776 2814 999 2875 nonnumquam
1020 2799 1308 2875 emerguntsexoirr'
1329 2799 1390 2866 rari

263 2903 312 2960 vel
334 2902 453 2978 singuli.
479 2903 544 2961 -slta
565 2900 630 2961 fieri
652 2902 783 2960 vidimus
794 2901 879 2976 Regii
903 2904 933 2960 et
947 2901 1138 2966 Puteolis-ac
1153 2896 1285 2961 fortasse
1296 2900 1390 2959 Eburi

263 3007 294 3063 et
308 3003 449 3085 declani,
480 3003 590 3070 deinde
619 3022 657 3063 ex
686 3004 843 3063 Pannonia
874 3003 1030 3080 superiore
1060 3004 1119 3063 huc
1141 3003 1293 3079 pertinent
1312 3002 1392 3067 tituli

263 3106 337 3184 duo,
378 3124 456 3166 unus
492 3106 636 3167 Carnunti
675 3107 735 3182 ΙΙΙ,
765 3107 859 3166 4539.
900 3106 976 3165 alter
1011 3104 1210 3165 conuentus
1251 3109 1390 3182 repertus

264 3208 317 3286 ΙΙΙ,
343 3211 435 3269 4249.
465 3209 604 3269 Ceterum
632 3226 738 3268 moneo
767 3207 848 3289 apud
869 3208 1044 3267 Petronium
1074 3225 1195 3284 quoque
1217 3208 1248 3266 in
1272 3207 1390 3267 colonia

263 3306 424 3388 Campana,
439 3319 528 3387 quam
545 3311 653 3371 Cumas
668 3309 904 3386 intellegendam
920 3327 986 3370 esse
1003 3311 1205 3370 Mommsenus
1219 3309 1390 3386 nuperrimo

264 3405 413 3491 docui-tl),
442 3414 556 3472 seviros
586 3413 744 3490 appellari.
789 3412 876 3474 Unde
900 3413 969 3472 mihi
992 3412 1152 3472 verisimile
1174 3412 1293 3472 videtur
1315 3412 1390 3471 haec

264 3513 324 3574 duo
341 3516 462 3575 nomina
477 3515 602 3575 eandem
617 3534 679 3575 rem
700 3516 884 3592 significasse
907 3532 1070 3591 corumque
1091 3532 1178 3574 usum
1200 3533 1237 3574 ex
1257 3514 1389 3574 diversa-

263 3636 328 3676 rum
367 3618 525 3694 regionum
573 3617 789 3678 cousuetudine
831 3616 1020 3695 pependisse.
1080 3617 1193 3677 Contra
1228 3618 1390 3677 Henzenus
1502 3657 1504 3661 -

263 3737 376 3796 pronus
399 3723 445 3779 est
466 3720 505 3779 ad
527 3721 753 3798 coniecturam,
776 3721 806 3780 in
829 3720 876 3780 his
899 3719 1031 3798 oppidis,
1062 3738 1190 3797 quorum
1212 3720 1390 3794 Arpocrates

163 3862 173 3874 ,
263 3823 426 3899 antiquitus
463 3822 583 3899 quidem
620 3821 749 3883 fuissent
779 3805 910 3899 proprii,
942 3799 1075 3901 ,postiae
1113 3821 1276 3898 aliquando
1310 3824 1390 3881 statu

264 3923 459 4001 collegiorum
488 3927 601 3985 mutato
632 3926 749 3984 sootros
785 3924 924 3986 inductos
959 3922 1092 3997 ossell·
1132 3923 1192 3984 Sed
1222 3924 1292 3984 huic
1322 3943 1390 3985 con·

350 4088 371 4151 ¹)
388 4085 448 4139 Hoc
466 4083 540 4140 inira
558 4086 755 4141 demonstrabo
772 4092 858 4155 atque
877 4086 913 4141 ad
930 4091 1019 4140 totum
1038 4085 1111 4141 hunc
1129 4087 1221 4142 locum
1237 4084 1344 4141 redibo.

348 4173 370 4234 ²)
387 4170 409 4223 Ι.
422 4171 454 4224 N.
466 4174 541 4226 coel.
560 4175 635 4226 6063.

107 4290 108 4295 κ
348 4257 371 4320 ³)
387 4254 453 4310 ibid.
480 4259 556 4310 6225.
599 4256 769 4323 Quamquam
795 4255 824 4310 hi
851 4257 876 4310 V
902 4257 956 4310 viri
980 4273 1046 4311 num
1074 4256 1179 4312 fuerint
1205 4254 1390 4326 Augustales,

172 4335 176 4341 '
263 4339 378 4394 dubium
397 4340 449 4395 cst.
622 4342 645 4406 ⁴)
662 4340 778 4398 Hermes
796 4341 867 4396 XIII
884 4358 912 4412 p.
930 4347 974 4397 106
985 4357 1023 4397 ss.
1115 4365 1120 4392 ι
1149 4344 1171 4410 ⁸)
1189 4360 1216 4412 p.
1229 4345 1287 4397 206.
