3180 5370
303 402 443 509 ¹ea

402 620 439 680 de
461 620 600 696 imaginis
622 618 681 678 fide
703 622 827 695 totaque
856 620 973 678 ratione
1001 637 1037 677 ac
1059 619 1096 677 dn
1118 619 1212 694 ipsius
1245 619 1345 695 operis
1368 621 1469 678 aetate
1498 621 1530 677 et

400 727 464 782 arte
486 722 594 781 Petrus
613 721 655 780 de
676 721 773 780 Ponte
796 738 843 780 me
865 723 994 794 monuit,
1025 738 1090 780 cum
1115 720 1282 796 legentibus
1304 719 1529 781 communicare

400 825 520 886 videtur
540 827 571 884 in
593 842 656 883 rem
678 841 754 882 esse.
799 822 1031 895 „L'incisione“,
1054 824 1170 900 inquit,=
1196 827 1413 895 „circulumque
1435 824 1528 882 molto

400 932 549 988 accurata
572 942 588 985 c
606 927 707 1000 sedclc
718 919 827 998 percio
843 925 900 983 cbc
915 927 1064 998 riccardo
1080 928 1109 983 la
1124 926 1329 998 disposizionc
1344 925 1394 985 dai
1407 926 1529 1000 cruppi

334 1081 338 1089 .
400 1030 434 1088 di
451 1033 555 1104 fiocrc
578 1029 737 1087 erelauno
753 1028 966 1100 oticoiomenti,
989 1026 1121 1086 dorcbbe
1142 1042 1341 1086 cccccccccc
1363 1029 1412 1085 oc’
1430 1042 1528 1100 opero

225 2159 372 2223 Descriptio

225 2235 373 2359 explictatio.

398 1128 454 1206 plia
480 1130 580 1190 boone
601 1132 633 1191 di
654 1131 772 1203 quello,
802 1130 860 1187 cire
882 1123 1025 1202 &infolio
1048 1126 1072 1187 b
1093 1145 1206 1189 morano
1229 1131 1261 1188 in
1283 1131 1434 1188 discorso.
1467 1114 1529 1188 Nol

401 1235 526 1308 diacono
550 1233 621 1293 Ello
642 1248 751 1305 accroc
772 1231 860 1290 molto
883 1233 999 1304 ciliaco,
1022 1233 1095 1291 cede
1113 1235 1217 1306 ficere
1240 1233 1392 1291 delioeotc
1414 1247 1526 1309 econ·

400 1343 519 1398 tanate
540 1334 730 1395 obbertonzo
750 1338 951 1406 nettomcntc,
982 1334 1112 1394 loddooe
1140 1337 1192 1394 cel
1219 1351 1289 1393 cero
1322 1332 1527 1405 obbiorcoan

400 1438 572 1499 bmeieeimo
593 1438 698 1496 cilicoo
722 1437 753 1494 in
775 1438 865 1495 molta
881 1437 972 1509 porti
1000 1441 1082 1495 tanto
1112 1439 1219 1511 locoro
1247 1435 1440 1508 cebredito,
1469 1437 1527 1496 ebe

400 1540 527 1615 beneco
548 1540 727 1599 indocinore
748 1539 778 1596 lo
796 1539 902 1610 formo
924 1539 1007 1598 delle
1025 1542 1129 1612 ficare
1149 1541 1255 1613 manlio
1278 1540 1311 1597 di
1333 1541 1444 1612 quello,
1467 1540 1527 1599 cbc

399 1647 448 1704 sio
475 1645 545 1703 doto
579 1642 713 1700 cedcrle.
769 1639 837 1699 Coei
863 1657 956 1715 pure„
974 1658 1009 1700 ec
1038 1643 1065 1701 lc
1083 1643 1288 1715 properatum·
1317 1643 1397 1700 delle
1422 1644 1538 1716 ficara
1570 1620 1580 1639 ⁸

399 1763 473 1807 conc
494 1734 855 1820 concremacione,
883 1745 907 1801 il
927 1745 1029 1802 Icocrc
1058 1739 1232 1803 itcttoorc
1256 1745 1405 1817 yiicttosto
1429 1762 1525 1805 cozzo

400 1852 440 1910 cd
464 1863 598 1908 ceccano
625 1840 677 1921 ero
703 1847 746 1904 od
773 1830 824 1904 cc’
846 1861 943 1919 ccccc
971 1847 1003 1904 di
1034 1847 1216 1906 decodcozo.
1265 1846 1474 1907 Coriolodcndo
1502 1849 1527 1907 il

400 1954 635 2026 dlaconotoreo
663 1948 816 2007 liocieore
837 1948 937 2007 bonno
960 1951 1030 2008 doto
1053 1951 1085 2008 ol
1106 1950 1207 2008 locoru
1231 1950 1367 2006 crtietlco
1382 1952 1525 2024 mcoqior

399 2058 488 2129 caeto
511 2055 549 2113 cd
565 2053 791 2125 appariscenzo
814 2050 864 2109 del
884 2048 984 2109 ocr0.“
1341 2125 1346 2136 Ι

486 2155 591 2215 Posuit
634 2155 692 2212 hoo
733 2157 954 2212 monumentum
1001 2153 1165 2213 secundum
1203 2155 1320 2212 titulum
1357 2155 1387 2212 in
1424 2154 1523 2231 primo

402 2277 492 2320 versu
515 2257 680 2316 mutilatum
708 2254 763 2313 sibi
787 2256 910 2330 suisque
934 2256 975 2313 M.
1002 2255 1138 2314 lblcrioe
1161 2299 1167 2314 .
1190 2300 1197 2314 .
1221 2259 1349 2314 Anteros
1371 2257 1523 2314 Asiaticus

408 2361 453 2421 VI
461 2362 516 2419 cir.
561 2359 609 2419 Ab
632 2362 759 2432 utroque
782 2358 921 2432 imaginis
944 2358 1038 2416 latere
1060 2358 1197 2417 escendit
1220 2358 1309 2418 arbor
1324 2351 1441 2418 trunco'
1455 2376 1522 2418 cur·

400 2469 479 2524 vato.
522 2463 556 2520 ln
579 2461 718 2519 sinistrae
747 2459 863 2519 arboris
891 2478 971 2518 nexu
994 2489 1036 2498 -
1058 2464 1091 2519 ut
1114 2461 1245 2523 omittam
1269 2458 1409 2537 figuram,
1441 2479 1521 2536 quae

398 2569 446 2626 est
467 2582 565 2641 supra
581 2581 700 2640 nexum,
722 2562 928 2621 detruncatam
950 2593 993 2600 -
1015 2566 1108 2622 nauta
1131 2564 1264 2623 cernitur
1279 2563 1364 2639 apice
1385 2567 1415 2621 et
1429 2582 1523 2642 remo,

399 2686 488 2745 quem
511 2684 614 2726 umero
636 2668 752 2741 portat,
774 2665 964 2740 conspicuus.
1008 2665 1115 2741 Neque
1137 2667 1233 2724 minue
1257 2667 1311 2742 vir,
1333 2666 1385 2741 qui
1401 2669 1523 2742 praeter

398 2787 470 2830 ares
500 2769 575 2828 duas
605 2768 635 2827 in
665 2767 772 2826 arbore
795 2765 902 2826 dextra
924 2767 1012 2827 fictus
1035 2765 1125 2844 est¹)‚
1155 2785 1268 2826 remum
1290 2767 1369 2827 ferre
1392 2768 1522 2846 ideoque

398 2876 490 2931 nanta
511 2888 577 2930 esse
599 2870 670 2930 mihi
692 2868 820 2929 videtur.
857 2870 1002 2929 Arborem
1026 2870 1175 2929 sinistram
1198 2870 1334 2946 sequitur
1355 2888 1469 2948 saxum,
1490 2872 1522 2930 in
1550 2910 1553 2917 ·

399 2992 459 3051 qno
475 2977 535 3033 stat
552 2973 627 3032 deus
642 2989 747 3031 versus
762 2972 871 3031 animal
886 2972 1038 3048 quoddam
1053 2972 1189 3030 dextram
1204 2964 1340 3050 tendens,
1356 2972 1437 3048 quod
1452 2992 1522 3050 ego

398 3079 459 3136 met
480 3093 584 3135 canem
605 3072 667 3146 (vel
681 3071 817 3146 arietem)
832 3092 898 3135 esse
922 3075 1100 3134 crediderim
1108 3069 1140 3145 ς2).
1174 3075 1289 3135 Deinde
1311 3094 1367 3152 par
1385 3075 1520 3152 pugilum

399 3184 416 3190 ,,
419 3182 601 3190 -η--οσ

486 3221 506 3285 ¹)
523 3219 599 3273 Haec
616 3218 708 3273 omnia
725 3217 754 3270 in
773 3219 870 3273 tabula
887 3219 1047 3274 Lebusiana
1064 3219 1147 3287 plane
1164 3218 1268 3274 omissa
1285 3226 1358 3274 sunt.

482 3306 505 3374 ²)
522 3302 657 3358 Attamen
674 3304 702 3358 in
730 3303 825 3358 tabula
851 3304 928 3358 Petri
952 3304 987 3357 da
1009 3305 1098 3358 Ponte
1120 3305 1280 3359 auctoritati
1304 3306 1406 3360 cedens
1428 3306 1522 3375 potius

396 3406 510 3447 cervum
538 3389 653 3458 depingi
688 3388 759 3442 iussi
789 3389 920 3443 cornibus
951 3387 1066 3443 ramosis
1093 3389 1263 3457 insignitum.
1303 3391 1331 3444 Is
1354 3391 1427 3446 enim
1453 3391 1522 3445 mihi

397 3475 523 3545 scripsit:
555 3473 748 3531 Ncll’animolc
765 3514 772 3526 .
792 3514 798 3527 .
817 3476 843 3529 io
867 3474 1012 3530 inclinarat
1034 3491 1052 3528 a
1082 3473 1184 3530 vedare
1211 3493 1250 3530 arr
1273 3476 1399 3546 capriolo
1423 3477 1461 3531 od
1482 3491 1521 3532 aa

397 3562 483 3618 dcirco
506 3559 621 3617 anziclti
646 3577 684 3616 cc
706 3575 796 3625 conc,.
814 3578 829 3615 c
847 3561 945 3632 parmi
966 3561 991 3615 si
1017 3559 1126 3615 occiano
1152 3561 1182 3614 ol
1204 3561 1323 3634 disoprc
1349 3561 1424 3617 dello
1448 3568 1521 3619 testo

396 3650 423 3706 le
453 3648 559 3703 traceio
583 3645 613 3700 di
634 3644 770 3717 larpbee
797 3662 911 3702 ramosa
934 3662 1030 3700 corno.
1071 3644 1127 3698 Sed
1157 3647 1263 3716 reliqua
1285 3647 1409 3701 animalis
1432 3648 1522 3702 forma

396 3749 480 3788 cervo
503 3731 569 3785 mibi
599 3731 745 3793 videbatur
770 3730 863 3785 minus
885 3731 1044 3786 convenire.
1087 3731 1158 3784 Tum
1190 3746 1295 3786 cornua
1318 3747 1426 3786 ramosa
1454 3748 1520 3788 vere

397 3817 524 3887 conspici
547 3832 582 3872 ne
607 3816 643 3871 da
667 3818 757 3871 Ponte
781 3816 891 3884 quidem
916 3833 968 3885 pro
986 3821 1061 3870 certo
1080 3815 1216 3871 affirmare
1235 3833 1320 3871 ausus
1345 3823 1403 3887 est3
1428 3822 1457 3873 et
1474 3835 1522 3887 po·

395 3903 484 3958 tuisse
506 3903 584 3957 illum
602 3904 655 3956 boc
672 3902 867 3970 locodeoipi,
892 3903 939 3970 qni
962 3902 1145 3970 ponderabit,
1169 3917 1239 3969 quae
1262 3904 1296 3957 de
1318 3907 1393 3957 statu
1417 3902 1520 3972 lapidis

396 3989 575 4043 multifariam
588 3987 665 4043 exesi
679 3993 709 4042 et
720 3987 845 4056 corrupti
863 3988 925 4056 ipse
938 3988 1041 4056 docuit,
1060 4003 1116 4041 non
1134 3988 1259 4056 negabit.
1289 3988 1401 4054 Deinde
1410 3988 1522 4043 Momm-

395 4090 489 4143 senus,
514 4075 563 4144 qui
588 4073 708 4142 lapidem
737 4072 815 4141 vidit,
840 4073 925 4126 istum
948 4073 1030 4126 deum
1054 4072 1219 4127 Mercurium
1243 4074 1445 4142 interpretatus
1468 4080 1520 4130 est.

396 4161 466 4216 Cum
488 4175 571 4214 cervo
593 4163 686 4212 antem
708 4174 766 4211 non
791 4163 845 4212 tam
870 4157 1030 4226 Mercurius,
1054 4159 1105 4212 sed
1126 4158 1173 4211 vel
1191 4158 1326 4213 Hercules
1349 4159 1395 4213 vel
1413 4154 1521 4228 Apollo

395 4243 464 4312 fingi
492 4244 591 4299 solent.
632 4240 755 4296 Accedit
778 4243 854 4310 quod
878 4242 914 4296 ad
938 4247 1117 4296 mercatorem
1141 4242 1328 4311 fortunatum,
1352 4244 1461 4312 qualem
1484 4245 1519 4298 M.

396 4329 537 4384 Valerium
557 4328 644 4382 fuisse
663 4328 797 4396 probabo,
815 4327 970 4382 Mercurius
988 4328 1087 4383 melius
1106 4328 1220 4381 videtur
1238 4333 1322 4398 aptus
1341 4342 1415 4397 esse‚‘
1437 4344 1520 4398 quam

395 4414 530 4467 Hercules
549 4418 597 4466 arnt
615 4409 730 4480 Apollo.
