3180 5370
438 430 497 493 128

438 605 476 663 ad
500 604 727 681 municipiorum
750 622 799 662 res
822 603 940 664 divinas
955 603 1085 662 animum
1101 603 1288 681 advertisset,
1310 603 1445 665 sevirum
1467 622 1563 665 sacer

436 706 517 767 dotio
540 706 745 783 pervolgando
777 725 899 783 operam
930 706 1047 765 dedisse
1076 708 1214 767 arbitror.
1258 708 1335 766 Nam
1365 707 1450 767 illum
1485 706 1562 767 lianc

435 828 497 868 rem
520 828 581 869 non
604 827 736 885 curasse,
759 815 871 885 quanto
895 827 985 884 opere
1009 827 1106 885 paene
1131 810 1258 886 cogitari
1281 829 1342 869 non
1365 812 1482 887 posset,
1504 810 1562 869 iarn

434 930 526 989 supra
547 912 707 971 illustravi.
753 911 849 984 Quam
879 911 917 970 ob
941 929 1003 970 reru
1026 913 1145 989 nescio,
1176 931 1215 971 an
1239 913 1421 972 scholiastae
1443 912 1564 972 Horatii

435 1015 501 1074 loco
525 1014 613 1074 modo
636 1014 758 1073 laudato
781 1014 884 1072 verius
907 1013 1038 1074 dixerint
1060 1033 1149 1089 quam
1172 1015 1271 1074 adhuc
1287 1016 1427 1091 plerique
1448 1014 1561 1090 opinab'

434 1124 513 1177 sunt
556 1118 657 1193 Atque
679 1117 717 1175 ad
740 1116 857 1192 piebem
874 1116 1102 1191 municipiorum
1125 1118 1299 1194 imperatori
1313 1116 1561 1194 obstringendam

436 1222 530 1297 magis
552 1220 694 1279 idoneum
716 1221 768 1279 vix
791 1218 953 1295 quidquam
987 1220 1085 1295 potuit
1108 1220 1248 1296 reperiri,
1281 1221 1305 1279 si
1329 1219 1448 1295 quidem
1479 1219 1560 1281 locu·

381 1319 393 1331 “
434 1324 614 1399 pietissimus
637 1323 777 1398 quisque,
800 1322 937 1398 quamvis
960 1321 1088 1385 obscuro
1111 1323 1178 1382 looo
1202 1328 1291 1382 uatus
1314 1328 1345 1382 et
1367 1340 1386 1380 a
1408 1321 1560 1383 nobilibus

434 1427 592 1503 usquead
622 1426 652 1484 id
674 1430 791 1501 tempus
824 1425 999 1502 despectus,
1030 1427 1087 1484 iam
1121 1427 1164 1485 eis
1200 1444 1296 1501 paene
1330 1426 1561 1501 exsequebatur

433 1529 561 1604 Augusti
585 1528 753 1587 sacerdotio
776 1531 926 1604 suscepto.
970 1528 1133 1588 Praeterea
1156 1528 1344 1588 manifestum
1367 1532 1421 1605 est,
1444 1529 1559 1604 quanto

434 1648 525 1707 opere
548 1631 692 1707 principis
722 1630 848 1706 gratiam
871 1631 942 1689 huic
972 1631 1107 1690 instituto
1137 1631 1297 1691 conciliare
1327 1630 1469 1690 debuerit
1498 1632 1583 1689 sin·-

434 1734 514 1793 dium
537 1733 637 1791 omnia
659 1730 848 1808 exaequandi
869 1732 1053 1808 principatui
1081 1734 1169 1809 quasi
1193 1737 1300 1792 natura
1321 1733 1443 1792 insitum
1466 1735 1498 1791 ei
1519 1727 1561 1791 ab'

434 1836 602 1895 homiuibus
625 1834 721 1893 doctis
747 1835 805 1892 iam
837 1852 927 1911 saepe
950 1834 1149 1912 disceptatum
1161 1832 1192 1907 ¹).
1236 1836 1390 1912 Denique,
1419 1834 1451 1893 id
1473 1831 1556 1911 qnod

434 1959 494 2000 non
517 1938 673 1997 mediocris
696 1942 742 1997 est
764 1938 919 2015 momenti,
942 1936 999 1997 hac
1021 1939 1137 1998 ratione
1161 1940 1249 1998 etiam
1273 1939 1311 1998 ad
1334 1956 1460 1999 onerum
1483 1936 1555 1997 civi·

433 2043 503 2101 tatis
534 2043 652 2118 partem
686 2038 900 2116 capessendam
931 2040 1060 2099 libertini
1084 2041 1240 2117 pecuniosi
1273 2039 1500 2101 advocabantur
1526 2041 1557 2099 ot

432 2144 475 2203 ita
496 2144 611 2203 aerario
635 2141 862 2216 municipiorum
886 2144 1012 2218 penuria
1033 2160 1124 2219 saepe
1140 2144 1288 2203 laboranti
1310 2143 1556 2203 subveniebatur.

432 2247 539 2322 Itaque
561 2243 680 2321 accidit,
702 2248 735 2303 ut
757 2243 845 2303 etiam
860 2262 896 2303 ea
912 2245 1082 2322 municipia,
1103 2246 1261 2322 inquibus
1283 2250 1334 2305 aut
1355 2243 1558 2320 vicimapistri

432 2354 485 2408 aut
506 2347 649 2422 magistri
669 2346 783 2405 Larum
811 2350 900 2405 antea
922 2346 1050 2406 instituti
1083 2353 1185 2424 erant,
1219 2349 1411 2408 nihilominus
1441 2347 1557 2408 seviror

433 2452 615 2525 Augustales
637 2448 684 2509 hie
706 2449 839 2526 collegiis
860 2448 1067 2525 adiungerent
1110 2451 1218 2527 Neque
1241 2428 1326 2510 enim¹
1342 2451 1461 2526 dubito,
1484 2452 1555 2529 quiu

433 2555 502 2613 talis
526 2553 616 2612 suerit
638 2552 727 2611 huius
750 2553 793 2610 rei
815 2569 1003 2627 progressus.
1047 2553 1126 2634 Nam
1156 2554 1235 2613 inter
1257 2554 1473 2627 mopistrorum
1494 2573 1555 2614 mn-

431 2656 603 2732 nioipalium
623 2654 728 2714 titulos
748 2654 868 2714 omnino
892 2672 951 2712 non
982 2653 1158 2730 frequentes
1180 2656 1351 2732 complures
1385 2660 1457 2715 snut
1484 2674 1565 2732 per--

355 2749 358 2755 ’
432 2754 580 2834 antiqui²)
624 2756 797 2833 Praeterea,
818 2756 843 2815 si
869 2774 885 2815 c
912 2757 1063 2816 contrario
1084 2758 1123 2817 ad
1138 2759 1254 2817 saviros
1268 2759 1396 2834 posthac
1417 2757 1558 2832 meconi

432 2861 644 2933 accessissent,
681 2859 711 2918 id
745 2858 823 2918 foret
844 2857 987 2918 indicium
1010 2861 1175 2936 municipes
1197 2862 1331 2921 seviratu
1353 2879 1413 2921 non
1437 2862 1557 2938 acquie-

432 2965 520 3041 visse,
541 2963 672 3038 ideoque
695 2961 834 3021 crederes
856 2962 1059 3036 magisterium
1083 2981 1190 3039 magno
1214 2963 1313 3022 studio
1336 2963 1373 3022 ab
1396 2963 1439 3022 eis
1454 2980 1556 3040 recep·

432 3071 494 3126 tum
518 3083 591 3125 esse.
635 3065 675 3122 nt
695 3064 753 3122 iam
775 3064 915 3124 adnotavi
939 3083 994 3139 pro
1018 3064 1148 3124 sevirum
1178 3065 1367 3125 multitudine
1397 3066 1557 3142 magistros

432 3186 557 3251 perraro
591 3168 622 3226 in
659 3165 753 3225 titulis
785 3166 978 3242 deprehendi.
1033 3166 1118 3239 Quae
1149 3185 1197 3227 res
1227 3169 1316 3227 etiam
1340 3168 1493 3227 concurrit
1515 3167 1555 3227 ad

433 3268 688 3347 comprobandum
712 3269 841 3328 sevirum
866 3267 1012 3344 originem
1027 3287 1044 3327 a
1059 3269 1270 3345 vicimagietris
1294 3270 1451 3330 urbanis
1473 3273 1557 3329 recte

433 3373 511 3433 duci.
555 3373 584 3432 Si
607 3372 684 3431 enim
715 3371 745 3429 in
779 3371 944 3447 municipiis
975 3372 1117 3446 magistri
1138 3371 1252 3429 Larum
1281 3373 1331 3430 vel
1359 3372 1558 3445 vicomagistri

433 3481 534 3535 essent
555 3476 622 3534 sola
644 3474 722 3533 illius
752 3473 912 3533 sacerdotii
945 3475 1051 3534 urbani
1082 3475 1223 3550 imitatio,
1256 3478 1338 3534 certe
1370 3492 1388 3531 a
1418 3474 1557 3549 pluribus

433 3578 546 3654 recepti
570 3581 677 3637 essent.
722 3576 818 3636 Semel
842 3577 929 3635 etiam
954 3578 1028 3636 haec
1051 3578 1109 3636 tria
1132 3577 1256 3652 collegia
1280 3575 1318 3634 ad
1342 3576 1557 3652 vicimagistro-

431 3698 498 3738 rum
525 3682 726 3740 Romanorum
760 3679 982 3738 similitudinem
1017 3697 1159 3756 expressa
1190 3679 1221 3737 in
1256 3679 1359 3738 eodem
1393 3680 1556 3756 municipio

432 3800 493 3840 una
515 3778 745 3854 inveniuntur.³)
790 3782 902 3842 Contra
923 3782 953 3841 in
977 3783 1078 3842 multis
1101 3781 1227 3859 oppidis,
1250 3800 1317 3840 oum
1340 3780 1468 3858 primum
1483 3782 1557 3840 seui-

433 3889 520 3942 rator
542 3885 737 3962 inveteravit,
759 3885 967 3957 magisteriam
989 3887 1063 3960 puto
1085 3901 1210 3961 prorsus
1237 3884 1381 3943 abolitum
1404 3901 1481 3962 esse,
1503 3882 1557 3944 sci-

520 4065 539 4127 ¹)
558 4060 592 4116 cf.
612 4064 713 4131 Egger.
731 4062 745 4114 Ι
764 4080 791 4132 p.
809 4068 859 4117 495
878 4069 907 4118 et
925 4079 1008 4130 supra
1026 4081 1053 4132 p.
1063 4068 1104 4117 44.

517 4151 541 4212 2)
558 4164 584 4201 v.
604 4164 627 4202 o.
647 4148 870 4215 Wilm.793.11‚
891 4153 963 4202 1133.
983 4152 1057 4202 3563.
1077 4152 1151 4202 2181.
1170 4148 1252 4202 Herz.
1271 4153 1329 4202 eoi.

518 4236 540 4300 ³)
559 4232 649 4287 Ora-H.
668 4237 734 4286 7¹15
753 4258 786 4278 =
803 4233 896 4287 Wilm.
915 4237 989 4287 2099.
1029 4234 1098 4288 Nam
1116 4233 1280 4303 compitales
1301 4233 1404 4287 Larum
1422 4233 1492 4304 Aap.
1511 4230 1557 4300 (cf.

433 4317 477 4373 Or.
497 4322 575 4384 3959)
594 4324 670 4373 certe
694 4318 783 4374 eidem
803 4324 882 4386 suut,
906 4318 955 4387 qui
980 4319 1046 4374 alibi
1068 4320 1196 4392 magistri
1219 4318 1325 4374 Larum
1344 4319 1414 4389 Aug.
1432 4318 1491 4373 fere
1509 4333 1556 4388 ap-

431 4406 578 4474 pellantur.
