3142 5138
852 487 869 557 s
888 491 931 543 14.

364 590 461 656 Qualis
479 591 517 644 sit
533 589 714 660 collegiorum
732 595 833 655 status,
852 590 899 644 adi
916 596 942 644 et
960 591 1046 645 sevire·
1061 596 1089 644 ct
1106 590 1275 661 Aaportates
1292 592 1418 644 exstuat.

140 709 317 788 Collegiorum
414 700 559 776 Superest
580 706 614 760 ut
635 701 673 760 de
695 697 745 759 eis‘
761 702 880 778 oppidis
901 701 996 761 verba
1017 700 1140 778 isaiam,
1168 703 1199 761 in
1221 701 1330 777 quibus
1352 700 1452 773 Aaou·

133 779 424 895 {tssstffijgsffinstolcs
452 804 537 862 iuxta
563 804 677 862 serires
707 807 984 863 commemorantur.
1035 802 1103 877 Quo
1132 804 1201 863 loco
1233 804 1352 863 brevior
1386 818 1452 861 esse

328 909 444 982 potero,
473 906 499 964 si
528 905 647 981 quidem
677 905 717 965 ibi
745 909 854 965 statum
885 907 1078 983 collegiorum
1101 924 1160 965 non
1184 905 1279 964 fuisse
1301 905 1451 964 diversum

327 1008 365 1067 ab
388 1008 432 1066 eis
454 1007 637 1085 regionibus,
660 1007 709 1067 ubi
732 1012 784 1067 aut
798 1008 981 1081 Arpocrates
1002 1013 1055 1067 aut
1075 1009 1167 1067 seoirr'
1180 1008 1235 1068 soli
1251 1007 1451 1087 reperiuntur,
1468 1087 1472 1094 .

326 1128 360 1169 rc
390 1111 599 1185 ipsavidetnr
622 1111 749 1169 elucere.
799 1110 937 1171 Ceterum
960 1129 1053 1186 supra
1074 1111 1202 1170 vidimus
1223 1112 1309 1169 etiam
1332 1111 1362 1168 in
1386 1110 1464 1181 istis,
1498 1168 1499 1171 ,

328 1212 447 1289 oppidis
468 1214 594 1288 reperiri
617 1214 732 1271 saviros
754 1218 783 1271 et
805 1215 996 1286 deportatas.
1043 1212 1130 1273 Unde
1153 1212 1309 1272 conficitur
1330 1212 1369 1271 ibi
1392 1212 1451 1287 pri-

327 1333 406 1373 mum
429 1332 482 1373 sex
505 1315 678 1374 sacerdotes
702 1332 819 1374 annuos
841 1314 919 1375 solos
942 1315 1100 1391 exstitisse,
1123 1334 1159 1374 ex
1175 1315 1283 1392 quibus
1298 1315 1450 1389 paullatim

327 1417 401 1477 ordo
424 1418 527 1488 evasit.
571 1418 678 1493 Neque
702 1418 761 1477 alia
784 1417 926 1487 deficiunt
948 1418 1136 1494 documenta,
1158 1418 1273 1494 quibus,
1296 1420 1321 1476 si
1344 1416 1450 1476 vellem

321 1517 378 1578 aut
392 1537 514 1579 necesse
530 1524 616 1595 esset,
639 1525 779 1580 accurate
795 1538 916 1596 possum
933 1520 1060 1595 probare
1075 1522 1253 1580 sententiam
1269 1520 1306 1579 de
1321 1521 1450 1578 sevirum

326 1628 356 1682 et
381 1622 418 1680 de
449 1611 662 1695 deportabam
687 1627 768 1683 statu
798 1627 827 1682 et
858 1624 972 1700 origine
996 1641 1013 1681 a
1035 1642 1081 1682 me
1103 1625 1286 1700 propositam
1309 1624 1396 1682 etiam
1419 1623 1449 1681 in

326 1725 379 1784 has
402 1725 538 1800 regiones
561 1726 721 1801 quadrare.
754 1724 845 1785 Verbi
869 1743 976 1785 caussa
997 1725 1102 1785 titulus
1118 1726 1276 1786 Umbricus
1291 1724 1342 1785 Or.
1358 1727 1450 1801 2229,

325 1829 355 1886 in
378 1845 438 1903 quo
462 1832 709 1888 commemoratur
728 1829 803 1887 ordo
818 1829 999 1905 sevirdliom,
1021 1829 1104 1887 testis
1120 1831 1165 1888 est
1179 1846 1234 1905 per
1248 1827 1449 1887 sacerdotium

325 1949 456 1989 annuum
480 1930 543 1990 fere
568 1932 646 1989 viam
670 1932 802 2007 patuisse
825 1931 855 1989 in
879 1931 1089 2007 Augustalium
1112 1932 1255 1992 ordinem.
1302 1930 1384 1988 Idem
1407 1931 1450 1989 in·

325 2033 477 2108 tellegitur
508 2051 545 2091 ex
578 2033 696 2092 decreto
729 2036 847 2091 centum
871 2034 967 2092 virum
998 2035 1165 2093 Veientium
1195 2034 1252 2092 iam
1281 2051 1374 2108 supra
1396 2043 1486 2107 per'‘

325 2136 511 2194 occasionem
534 2135 655 2194 laudato
683 2134 795 2207 (Wiim.
819 2138 900 2196 2079
924 2161 966 2181 =
989 2136 1038 2197 Or.
1061 2135 1171 2212 4046),
1194 2135 1353 2194 dummodo
1375 2121 1451 2194 bene

324 2236 475 2314 ponderes
506 2238 614 2314 verba,
645 2239 776 2313 quaein
807 2256 841 2297 eo
870 2240 1027 2314 leguntur,
1054 2239 1158 2298 haece:
1195 2281 1226 2297 ..
1248 2239 1387 2309 decerrti,
1416 2241 1450 2295 ot

302 2340 536 2413 ‚repostoriam
562 2355 686 2399 numero
715 2338 880 2411 habeatur,
921 2356 959 2399 oo
978 2343 1018 2399 ‚si
1053 2357 1094 2400 eo
1123 2341 1274 2401 bonore
1301 2356 1375 2398 asra
1400 2340 1449 2399 sit.

325 2442 442 2502 Deinde
465 2441 546 2517 quod
561 2460 686 2518 perraro
703 2442 834 2519 quidam,
857 2461 933 2519 quos
948 2443 1062 2503 honore
1079 2443 1315 2502 extraordinario
1330 2442 1449 2501 afficere

325 2543 535 2603 decurionibus
566 2562 650 2603 mens
682 2548 778 2622 esset,
803 2545 881 2604 inter
904 2546 1017 2605 seviros
1038 2544 1219 2621 Augustales
1247 2544 1356 2604 adlecti
1379 2549 1451 2604 sunt

324 2648 456 2706 seviratu
479 2627 538 2706 non
562 2653 662 2723 gesto:
693 2666 821 2724 quanam
844 2639 927 2707 reii
950 2649 1057 2708 ceteris
1080 2648 1193 2707 ordinis
1214 2648 1303 2708 sociis
1325 2647 1449 2723 praesti-

323 2751 437 2826 tissent,
452 2751 509 2808 uisi
523 2751 672 2833 seviratus
687 2751 947 2809 administratione
963 2751 1059 2810 honos
1074 2749 1306 2826 Augustalitatis
1320 2750 1449 2825 legitime
1522 2816 1525 2820 A

324 2854 402 2911 esset
424 2852 611 2927 acquisitus?
643 2853 738 2911 Porro
762 2852 843 2927 quod
866 2852 1014 2912 hominem
1037 2852 1228 2913 Fabrateriae
1255 2853 1312 2912 isto
1324 2832 1448 2925 'bonore

323 2952 473 3013 adiectum
507 2956 675 3014 invenimus
707 2955 764 3013 dici
800 2957 949 3014 adlectum
981 2956 1111 3014 sevirum
1139 2956 1352 3031 stuperatem,
1388 2974 1448 3022 non

323 3057 472 3116 adlectum
494 3057 706 3133 Aepostolem,
737 3056 806 3115 inde
837 3058 933 3116 elucet
961 3062 1055 3118 totum
1086 3057 1219 3117 ordinem
1250 3075 1288 3117 ex
1317 3059 1448 3118 seviratu

136 3176 248 3225 Duobus
260 3193 306 3225 no·
325 3158 474 3219 defunctis
505 3160 662 3219 maximam
691 3142 808 3240 partem
839 3160 1016 3220 constitisse.
1059 3161 1171 3220 Verum
1199 3160 1467 3220 haecmittamus

130 3245 312 3361 Πίῑὲξξξῗοῖξέ]
325 3280 361 3320 ao
382 3263 483 3338 potius
505 3262 744 3341 consideremus,
766 3261 916 3339 quomodo
940 3264 1089 3341 evenerit,
1117 3266 1149 3322 ut
1171 3263 1230 3322 duo
1252 3263 1306 3322 illa
1328 3263 1449 3323 nomina

165 3380 273 3430 diversa.
322 3364 448 3425 inistis
477 3364 650 3440 regionibus
681 3369 918 3441 usurparentur,
955 3384 1087 3443 numque
1117 3365 1243 3425 diversis
1280 3363 1470 3424 nominibus

325 3467 412 3525 etiam
434 3467 516 3526 notio
539 3467 659 3526 diversa
681 3469 759 3526 insit.

143 3583 305 3646 Augustalis,
410 3567 477 3642 Quo
492 3569 522 3626 in
539 3587 651 3644 genere
667 3569 795 3646 primuni
811 3569 921 3645 legenti
937 3571 967 3628 in
983 3570 1153 3629 memoriam
1168 3587 1278 3630 revoco
1295 3570 1448 3629 nonnullis

135 3652 305 3768 quisppfprrufuit
322 3670 353 3729 in
385 3671 503 3746 oppidis
533 3689 597 3748 eos,
628 3673 679 3746 qui
708 3672 848 3742 seviratu
868 3687 932 3731 non
960 3676 1047 3748 gesto
1070 3670 1169 3731 e'rdini
1191 3671 1448 3749 adscribebantur,
1485 3738 1487 3742 ,

323 3771 505 3847 Augustales
530 3773 624 3833 dictos
648 3791 722 3833 esse.
766 3774 811 3833 De
841 3775 904 3849 his,
933 3774 1093 3834 admodum
1122 3775 1245 3851 paucis,
1278 3792 1370 3849 supra
1400 3775 1447 3850 egi
1524 3819 1530 3827 .

322 3892 351 3950 p.
374 3864 420 3934 30
437 3892 474 3934 ss.

156 3990 277 4048 Nomina,
408 3976 525 4036 Deinde
562 3996 628 4036 cum
664 3997 700 4038 ex
735 3979 920 4039 diversarum
957 3980 1112 4057 regionum
1151 3979 1367 4038 consuetudine
1399 3978 1447 4037 hic

145 4059 292 4176 Πὲξνεῗξξθ
321 4080 428 4151 acutri,
457 4079 518 4138 illic
540 4081 719 4154 Augustalis
747 4099 854 4140 nomen
884 4082 979 4141 solum
1009 4083 1039 4140 in
1068 4099 1124 4140 usu
1153 4085 1246 4156 esset,
1278 4083 1359 4140 certe
1382 4079 1447 4140 fieri

214 4180 216 4184 ’
321 4181 430 4258 potuit,
453 4184 486 4240 ut
508 4182 616 4242 alicubi
639 4182 716 4242 duae
738 4185 954 4260 appellationes
977 4189 1200 4259 concurrerent,
1223 4187 1256 4243 ut
1278 4185 1319 4242 ita
1342 4183 1447 4259 dicam,

322 4288 352 4343 et
381 4285 468 4342 simul
497 4288 724 4361 usurparentur.
776 4285 843 4345 Hoc
873 4304 996 4346 numero
1026 4305 1062 4346 ea
1085 4285 1198 4363 oppida
1220 4285 1358 4345 habenda
1380 4302 1445 4346 esse
