<?xml version="1.0" encoding="UTF-8"?>
<!DOCTYPE html PUBLIC "-//W3C//DTD XHTML 1.0 Transitional//EN"
    "http://www.w3.org/TR/xhtml1/DTD/xhtml1-transitional.dtd">
<html xmlns="http://www.w3.org/1999/xhtml" xml:lang="en" lang="en">
 <head>
  <title>
</title>
<meta http-equiv="Content-Type" content="text/html;charset=utf-8" />
  <meta name='ocr-system' content='tesseract 3.04.00' />
  <meta name='ocr-capabilities' content='ocr_page ocr_carea ocr_par ocr_line ocrx_word'/>
</head>
<body>
  <div class='ocr_page' id='page_1' title='image "./desevirisaugust00schmgoog_0008.png"; bbox 0 0 3180 5370; ppageno 0'>
   <div class='ocr_carea' id='block_1_1' title="bbox 413 1614 841 1703">
    <p class='ocr_par' dir='ltr' id='par_1_1' title="bbox 413 1614 841 1703">
     <span class='ocr_line' id='line_1_1' title="bbox 413 1614 841 1703; baseline -0.005 0"><span class='ocrx_word' id='word_1_1' title='bbox 413 1614 417 1619; x_wconf 60' lang='grc'>’</span> <span class='ocrx_word' id='word_1_2' title='bbox 484 1624 841 1703; x_wconf 77' lang='lat' dir='ltr'>laeuuuuuuu.</span> 
     </span>
    </p>
   </div>
   <div class='ocr_carea' id='block_1_2' title="bbox 613 1853 713 1861">
    <p class='ocr_par' dir='ltr' id='par_1_2' title="bbox 613 1853 713 1861">
     <span class='ocr_line' id='line_1_2' title="bbox 613 1853 713 1861; baseline 0.01 -1"><span class='ocrx_word' id='word_1_3' title='bbox 613 1853 713 1861; x_wconf 74' lang='lat'><em>-—·-</em></span> 
     </span>
    </p>
   </div>
   <div class='ocr_carea' id='block_1_3' title="bbox 99 2069 1053 2157">
    <p class='ocr_par' dir='ltr' id='par_1_3' title="bbox 99 2069 1053 2157">
     <span class='ocr_line' id='line_1_3' title="bbox 99 2069 1053 2157; baseline 0 -18"><span class='ocrx_word' id='word_1_4' title='bbox 99 2075 136 2138; x_wconf 80' lang='lat' dir='ltr'>A.</span> <span class='ocrx_word' id='word_1_5' title='bbox 160 2073 358 2140; x_wconf 84' lang='lat' dir='ltr'>Praefatio.</span> <span class='ocrx_word' id='word_1_6' title='bbox 403 2069 422 2157; x_wconf 68' lang='grc' dir='ltr'>ξ</span> <span class='ocrx_word' id='word_1_7' title='bbox 448 2075 473 2137; x_wconf 89' lang='grc'><strong>1.</strong></span> <span class='ocrx_word' id='word_1_8' title='bbox 537 2119 1053 2138; x_wconf 89' lang='grc'><strong>...........</strong></span> 
     </span>
    </p>
   </div>
   <div class='ocr_carea' id='block_1_4' title="bbox 199 2186 1053 2463">
    <p class='ocr_par' dir='ltr' id='par_1_4' title="bbox 199 2186 1053 2463">
     <span class='ocr_line' id='line_1_4' title="bbox 199 2186 1051 2270; baseline 0.001 -26"><span class='ocrx_word' id='word_1_9' title='bbox 199 2195 257 2257; x_wconf 77' lang='lat' dir='ltr'>sl.</span> <span class='ocrx_word' id='word_1_10' title='bbox 305 2189 394 2245; x_wconf 88' lang='lat' dir='ltr'>Seviri</span> <span class='ocrx_word' id='word_1_11' title='bbox 423 2186 500 2258; x_wconf 84' lang='lat' dir='ltr'>Aug.</span> <span class='ocrx_word' id='word_1_12' title='bbox 535 2204 624 2270; x_wconf 81' lang='lat' dir='ltr'>prope</span> <span class='ocrx_word' id='word_1_13' title='bbox 666 2189 755 2243; x_wconf 92' lang='lat' dir='ltr'>solum</span> <span class='ocrx_word' id='word_1_14' title='bbox 794 2189 823 2243; x_wconf 89' lang='lat' dir='ltr'>ln</span> <span class='ocrx_word' id='word_1_15' title='bbox 858 2188 948 2244; x_wconf 91' lang='lat' dir='ltr'>titulis</span> <span class='ocrx_word' id='word_1_16' title='bbox 978 2189 1051 2245; x_wconf 87' lang='lat' dir='ltr'>inve·</span> 
     </span>
     <span class='ocr_line' id='line_1_5' title="bbox 302 2257 1053 2327; baseline 0.001 -16"><span class='ocrx_word' id='word_1_17' title='bbox 302 2259 418 2313; x_wconf 89' lang='lat' dir='ltr'>ninntur</span> <span class='ocrx_word' id='word_1_18' title='bbox 438 2263 460 2311; x_wconf 89' lang='lat' dir='ltr'>l.</span> <span class='ocrx_word' id='word_1_19' title='bbox 496 2259 550 2322; x_wconf 81' lang='lat' dir='ltr'>Qut</span> <span class='ocrx_word' id='word_1_20' title='bbox 568 2257 708 2327; x_wconf 91' lang='lat' dir='ltr'>quomodo</span> <span class='ocrx_word' id='word_1_21' title='bbox 727 2258 762 2312; x_wconf 90' lang='lat' dir='ltr'>de</span> <span class='ocrx_word' id='word_1_22' title='bbox 780 2259 821 2313; x_wconf 89' lang='lat' dir='ltr'>eis</span> <span class='ocrx_word' id='word_1_23' title='bbox 838 2258 916 2327; x_wconf 87' lang='lat' dir='ltr'>prius</span> <span class='ocrx_word' id='word_1_24' title='bbox 935 2258 1053 2327; x_wconf 83' lang='lat' dir='ltr'><strong>egerint.</strong></span> 
     </span>
     <span class='ocr_line' id='line_1_6' title="bbox 304 2325 1051 2395; baseline 0.004 -16"><span class='ocrx_word' id='word_1_25' title='bbox 304 2331 324 2380; x_wconf 91' lang='lat' dir='ltr'>l.</span> <span class='ocrx_word' id='word_1_26' title='bbox 344 2344 365 2381; x_wconf 90' lang='lat' dir='ltr'>s.</span> <span class='ocrx_word' id='word_1_27' title='bbox 403 2325 581 2392; x_wconf 80' lang='lat' dir='ltr'>Quaestionis</span> <span class='ocrx_word' id='word_1_28' title='bbox 605 2326 801 2381; x_wconf 76' lang='lat' dir='ltr'>retractatione</span> <span class='ocrx_word' id='word_1_29' title='bbox 826 2342 897 2395; x_wconf 92' lang='lat' dir='ltr'>opus</span> <span class='ocrx_word' id='word_1_30' title='bbox 927 2333 972 2383; x_wconf 91' lang='lat' dir='ltr'>est</span> <span class='ocrx_word' id='word_1_31' title='bbox 1002 2330 1051 2382; x_wconf 73' lang='lat' dir='ltr'>is.</span> 
     </span>
     <span class='ocr_line' id='line_1_7' title="bbox 301 2394 713 2463; baseline -0.002 -15"><span class='ocrx_word' id='word_1_32' title='bbox 301 2396 404 2449; x_wconf 79' lang='lat' dir='ltr'>Fontes</span> <span class='ocrx_word' id='word_1_33' title='bbox 418 2400 432 2450; x_wconf 87' lang='grc'><strong>3</strong></span> <span class='ocrx_word' id='word_1_34' title='bbox 446 2412 467 2449; x_wconf 93' lang='lat' dir='ltr'>s.</span> <span class='ocrx_word' id='word_1_35' title='bbox 503 2394 667 2463; x_wconf 81' lang='lat' dir='ltr'>Dispositio.</span> <span class='ocrx_word' id='word_1_36' title='bbox 689 2399 713 2448; x_wconf 90' lang='grc'>4.</span> 
     </span>
    </p>
   </div>
   <div class='ocr_carea' id='block_1_5' title="bbox 98 2549 1223 2734">
    <p class='ocr_par' dir='ltr' id='par_1_5' title="bbox 98 2549 1223 2734">
     <span class='ocr_line' id='line_1_8' title="bbox 98 2549 1050 2633; baseline 0.003 -20"><span class='ocrx_word' id='word_1_37' title='bbox 98 2551 132 2615; x_wconf 88' lang='lat' dir='ltr'>B.</span> <span class='ocrx_word' id='word_1_38' title='bbox 156 2549 270 2633; x_wconf 84' lang='lat' dir='ltr'>Uaput</span> <span class='ocrx_word' id='word_1_39' title='bbox 291 2551 406 2633; x_wconf 89' lang='lat' dir='ltr'>prius.</span> <span class='ocrx_word' id='word_1_40' title='bbox 450 2550 500 2614; x_wconf 90' lang='lat' dir='ltr'>De</span> <span class='ocrx_word' id='word_1_41' title='bbox 521 2549 661 2614; x_wconf 77' lang='lat' dir='ltr'>sevirum</span> <span class='ocrx_word' id='word_1_42' title='bbox 678 2550 903 2633; x_wconf 82' lang='lat' dir='ltr'>Augustalium</span> <span class='ocrx_word' id='word_1_43' title='bbox 917 2550 1050 2616; x_wconf 89' lang='lat' dir='ltr'>notione</span> 
     </span>
     <span class='ocr_line' id='line_1_9' title="bbox 352 2654 1223 2734; baseline 0.007 -17"><span class='ocrx_word' id='word_1_44' title='bbox 352 2657 384 2717; x_wconf 87' lang='lat' dir='ltr'>et</span> <span class='ocrx_word' id='word_1_45' title='bbox 406 2657 501 2716; x_wconf 87' lang='lat' dir='ltr'>statu</span> <span class='ocrx_word' id='word_1_46' title='bbox 544 2654 686 2734; x_wconf 73' lang='lat'><strong>§2—25</strong></span> <span class='ocrx_word' id='word_1_47' title='bbox 687 2701 1052 2720; x_wconf 89' lang='grc'><strong>........</strong></span> <span class='ocrx_word' id='word_1_48' title='bbox 1096 2664 1223 2724; x_wconf 87' lang='grc'>4-118</span> 
     </span>
    </p>
   </div>
   <div class='ocr_carea' id='block_1_6' title="bbox 138 2802 1223 2890">
    <p class='ocr_par' dir='ltr' id='par_1_6' title="bbox 138 2802 1223 2890">
     <span class='ocr_line' id='line_1_10' title="bbox 138 2802 1223 2890; baseline 0.006 -21"><span class='ocrx_word' id='word_1_49' title='bbox 138 2815 165 2869; x_wconf 92' lang='grc' dir='ltr'>Ι.</span> <span class='ocrx_word' id='word_1_50' title='bbox 188 2816 272 2870; x_wconf 86' lang='lat' dir='ltr'>Pars</span> <span class='ocrx_word' id='word_1_51' title='bbox 294 2810 477 2881; x_wconf 75' lang='lat' dir='ltr'>generalis.</span> <span class='ocrx_word' id='word_1_52' title='bbox 516 2802 664 2890; x_wconf 76' lang='lat'><strong>§2-18.</strong></span> <span class='ocrx_word' id='word_1_53' title='bbox 739 2856 1053 2873; x_wconf 88' lang='grc'><strong>.......</strong></span> <span class='ocrx_word' id='word_1_54' title='bbox 1118 2817 1223 2877; x_wconf 85' lang='grc'><strong>4-65</strong></span> 
     </span>
    </p>
   </div>
   <div class='ocr_carea' id='block_1_7' title="bbox 197 2931 1202 3095">
    <p class='ocr_par' dir='ltr' id='par_1_7' title="bbox 197 2931 1202 3095">
     <span class='ocr_line' id='line_1_11' title="bbox 197 2931 1202 3008; baseline 0.003 -16"><span class='ocrx_word' id='word_1_55' title='bbox 197 2933 260 3003; x_wconf 77' lang='lat'>§⁶2.</span> <span class='ocrx_word' id='word_1_56' title='bbox 297 2935 343 2992; x_wconf 89' lang='lat' dir='ltr'>De</span> <span class='ocrx_word' id='word_1_57' title='bbox 365 2932 496 2991; x_wconf 88' lang='lat' dir='ltr'>sevirum</span> <span class='ocrx_word' id='word_1_58' title='bbox 518 2931 596 3008; x_wconf 76' lang='lat' dir='ltr'>Aug.</span> <span class='ocrx_word' id='word_1_59' title='bbox 620 2931 743 2992; x_wconf 89' lang='lat' dir='ltr'>notione</span> <span class='ocrx_word' id='word_1_60' title='bbox 794 2975 1054 2991; x_wconf 88' lang='grc'><strong>......</strong></span> <span class='ocrx_word' id='word_1_61' title='bbox 1118 2937 1202 2996; x_wconf 85' lang='grc'>4-5</span> 
     </span>
     <span class='ocr_line' id='line_1_12' title="bbox 300 3021 1053 3095; baseline 0.001 -14"><span class='ocrx_word' id='word_1_62' title='bbox 300 3021 730 3095; x_wconf 81' lang='lat' dir='ltr'>SevirisacerdotesAugusti,4.</span> <span class='ocrx_word' id='word_1_63' title='bbox 749 3025 1053 3095; x_wconf 73' lang='lat' dir='ltr'>ordomunioipalists.</span> 
     </span>
    </p>
   </div>
   <div class='ocr_carea' id='block_1_8' title="bbox 198 3120 1134 3203">
    <p class='ocr_par' dir='ltr' id='par_1_8' title="bbox 198 3120 1134 3203">
     <span class='ocr_line' id='line_1_13' title="bbox 198 3120 1134 3203; baseline 0.001 -22"><span class='ocrx_word' id='word_1_64' title='bbox 198 3121 259 3191; x_wconf 64' lang='lat' dir='ltr'>§b</span> <span class='ocrx_word' id='word_1_65' title='bbox 297 3121 510 3181; x_wconf 81' lang='lat' dir='ltr'>Controversia</span> <span class='ocrx_word' id='word_1_66' title='bbox 543 3137 620 3197; x_wconf 87' lang='lat' dir='ltr'>quae</span> <span class='ocrx_word' id='word_1_67' title='bbox 651 3123 697 3179; x_wconf 89' lang='lat' dir='ltr'>est</span> <span class='ocrx_word' id='word_1_68' title='bbox 730 3120 767 3180; x_wconf 88' lang='lat' dir='ltr'>de</span> <span class='ocrx_word' id='word_1_69' title='bbox 799 3120 969 3199; x_wconf 88' lang='lat' dir='ltr'>primordiis</span> <span class='ocrx_word' id='word_1_70' title='bbox 1008 3139 1051 3182; x_wconf 89' lang='lat' dir='ltr'>se·</span> <span class='ocrx_word' id='word_1_71' title='bbox 1128 3194 1134 3203; x_wconf 31' lang='grc' dir='ltr'>ι</span> 
     </span>
    </p>
   </div>
   <div class='ocr_carea' id='block_1_9' title="bbox 352 3223 1200 3300">
    <p class='ocr_par' dir='ltr' id='par_1_9' title="bbox 352 3223 1200 3300">
     <span class='ocr_line' id='line_1_14' title="bbox 352 3223 1200 3300; baseline 0.004 -18"><span class='ocrx_word' id='word_1_72' title='bbox 352 3224 448 3282; x_wconf 93' lang='lat' dir='ltr'>virum</span> <span class='ocrx_word' id='word_1_73' title='bbox 471 3223 549 3300; x_wconf 83' lang='lat' dir='ltr'>Aug.</span> <span class='ocrx_word' id='word_1_74' title='bbox 573 3224 734 3300; x_wconf 85' lang='lat' dir='ltr'>exponitur</span> <span class='ocrx_word' id='word_1_75' title='bbox 788 3264 1052 3283; x_wconf 89' lang='grc'><strong>......</strong></span> <span class='ocrx_word' id='word_1_76' title='bbox 1119 3227 1200 3286; x_wconf 83' lang='grc'>5-7</span> 
     </span>
    </p>
   </div>
   <div class='ocr_carea' id='block_1_10' title="bbox 298 3315 1052 3523">
    <p class='ocr_par' dir='ltr' id='par_1_10' title="bbox 298 3315 1052 3523">
     <span class='ocr_line' id='line_1_15' title="bbox 300 3315 1052 3386; baseline 0.001 -16"><span class='ocrx_word' id='word_1_77' title='bbox 300 3316 445 3382; x_wconf 84' lang='lat' dir='ltr'>Quomodo</span> <span class='ocrx_word' id='word_1_78' title='bbox 457 3315 586 3385; x_wconf 80' lang='lat' dir='ltr'>quaestio</span> <span class='ocrx_word' id='word_1_79' title='bbox 599 3323 674 3371; x_wconf 84' lang='lat' dir='ltr'>recte</span> <span class='ocrx_word' id='word_1_80' title='bbox 687 3317 725 3371; x_wconf 82' lang='lat' dir='ltr'>sit</span> <span class='ocrx_word' id='word_1_81' title='bbox 737 3316 919 3386; x_wconf 74' lang='lat' dir='ltr'>exprimenda</span> <span class='ocrx_word' id='word_1_82' title='bbox 932 3322 954 3371; x_wconf 81' lang='lat'>5.</span> <span class='ocrx_word' id='word_1_83' title='bbox 981 3317 1052 3372; x_wconf 86' lang='lat' dir='ltr'>Num</span> 
     </span>
     <span class='ocr_line' id='line_1_16' title="bbox 299 3383 1050 3455; baseline 0.001 -17"><span class='ocrx_word' id='word_1_84' title='bbox 299 3385 372 3438; x_wconf 89' lang='lat' dir='ltr'>inter</span> <span class='ocrx_word' id='word_1_85' title='bbox 391 3400 421 3438; x_wconf 89' lang='lat' dir='ltr'>se</span> <span class='ocrx_word' id='word_1_86' title='bbox 440 3385 571 3439; x_wconf 82' lang='lat' dir='ltr'>differant</span> <span class='ocrx_word' id='word_1_87' title='bbox 589 3386 674 3439; x_wconf 87' lang='lat' dir='ltr'>seviri</span> <span class='ocrx_word' id='word_1_88' title='bbox 692 3392 721 3439; x_wconf 88' lang='lat' dir='ltr'>et</span> <span class='ocrx_word' id='word_1_89' title='bbox 733 3383 809 3454; x_wconf 82' lang='lat' dir='ltr'>Aug.</span> <span class='ocrx_word' id='word_1_90' title='bbox 828 3391 851 3439; x_wconf 77' lang='lat'>5.</span> <span class='ocrx_word' id='word_1_91' title='bbox 875 3386 1050 3455; x_wconf 71' lang='lat' dir='ltr'>Eggerddar-</span> 
     </span>
     <span class='ocr_line' id='line_1_17' title="bbox 298 3452 892 3523; baseline 0.003 -17"><span class='ocrx_word' id='word_1_92' title='bbox 298 3453 409 3523; x_wconf 89' lang='lat' dir='ltr'>quardt.</span> <span class='ocrx_word' id='word_1_93' title='bbox 428 3458 478 3507; x_wconf 83' lang='lat' dir='ltr'>5s.</span> <span class='ocrx_word' id='word_1_94' title='bbox 514 3452 622 3522; x_wconf 90' lang='lat' dir='ltr'>Zumpt.</span> <span class='ocrx_word' id='word_1_95' title='bbox 640 3460 663 3508; x_wconf 82' lang='lat' dir='ltr'>a.</span> <span class='ocrx_word' id='word_1_96' title='bbox 699 3454 823 3508; x_wconf 80' lang='lat' dir='ltr'>Heuueu,</span> <span class='ocrx_word' id='word_1_97' title='bbox 842 3458 892 3508; x_wconf 76' lang='lat' dir='ltr'>tis.</span> 
     </span>
    </p>
   </div>
   <div class='ocr_carea' id='block_1_11' title="bbox 197 3547 1222 3617">
    <p class='ocr_par' dir='ltr' id='par_1_11' title="bbox 197 3547 1222 3617">
     <span class='ocr_line' id='line_1_18' title="bbox 197 3547 1222 3617; baseline 0.003 -10"><span class='ocrx_word' id='word_1_98' title='bbox 197 3547 259 3617; x_wconf 63' lang='lat' dir='ltr'>§d</span> <span class='ocrx_word' id='word_1_99' title='bbox 295 3548 457 3609; x_wconf 84' lang='lat' dir='ltr'>Transitur</span> <span class='ocrx_word' id='word_1_100' title='bbox 473 3547 512 3607; x_wconf 92' lang='lat' dir='ltr'>ad</span> <span class='ocrx_word' id='word_1_101' title='bbox 524 3549 757 3609; x_wconf 83' lang='lat' dir='ltr'>controversiam</span> <span class='ocrx_word' id='word_1_102' title='bbox 774 3548 1000 3609; x_wconf 85' lang='lat' dir='ltr'>examinandam</span> <span class='ocrx_word' id='word_1_103' title='bbox 1043 3593 1050 3607; x_wconf 92' lang='lat'><strong>.</strong></span> <span class='ocrx_word' id='word_1_104' title='bbox 1117 3553 1222 3610; x_wconf 80' lang='lat'>7—10</span> 
     </span>
    </p>
   </div>
   <div class='ocr_carea' id='block_1_12' title="bbox 298 3641 1053 3833">
    <p class='ocr_par' dir='ltr' id='par_1_12' title="bbox 298 3641 1053 3833">
     <span class='ocr_line' id='line_1_19' title="bbox 298 3641 1053 3713; baseline 0.001 -16"><span class='ocrx_word' id='word_1_105' title='bbox 298 3641 352 3697; x_wconf 91' lang='lat' dir='ltr'>Ubi</span> <span class='ocrx_word' id='word_1_106' title='bbox 365 3642 536 3713; x_wconf 72' lang='lat' dir='ltr'>Aapastoler</span> <span class='ocrx_word' id='word_1_107' title='bbox 554 3643 607 3698; x_wconf 89' lang='lat' dir='ltr'>soli</span> <span class='ocrx_word' id='word_1_108' title='bbox 620 3643 800 3699; x_wconf 89' lang='lat' dir='ltr'>inveniantur</span> <span class='ocrx_word' id='word_1_109' title='bbox 813 3648 827 3697; x_wconf 84' lang='lat'>8</span> <span class='ocrx_word' id='word_1_110' title='bbox 841 3659 863 3697; x_wconf 93' lang='lat' dir='ltr'>s.</span> <span class='ocrx_word' id='word_1_111' title='bbox 898 3642 954 3698; x_wconf 89' lang='lat' dir='ltr'>Ubi</span> <span class='ocrx_word' id='word_1_112' title='bbox 966 3644 1053 3698; x_wconf 79' lang='lat' dir='ltr'>sariri</span> 
     </span>
     <span class='ocr_line' id='line_1_20' title="bbox 298 3709 1048 3833; baseline 0.005 -70"><span class='ocrx_word' id='word_1_113' title='bbox 298 3709 351 3833; x_wconf 51' lang='lat' dir='ltr'>{glri</span> <span class='ocrx_word' id='word_1_114' title='bbox 362 3717 483 3833; x_wconf 51' lang='lat' dir='ltr'>srgsteut</span> <span class='ocrx_word' id='word_1_115' title='bbox 500 3718 524 3767; x_wconf 89' lang='grc'>9.</span> <span class='ocrx_word' id='word_1_116' title='bbox 560 3711 614 3766; x_wconf 91' lang='lat' dir='ltr'>Ubi</span> <span class='ocrx_word' id='word_1_117' title='bbox 632 3718 660 3766; x_wconf 90' lang='lat' dir='ltr'>et</span> <span class='ocrx_word' id='word_1_118' title='bbox 677 3711 764 3767; x_wconf 82' lang='lat' dir='ltr'>seviri</span> <span class='ocrx_word' id='word_1_119' title='bbox 780 3718 809 3768; x_wconf 91' lang='lat' dir='ltr'>et</span> <span class='ocrx_word' id='word_1_120' title='bbox 822 3712 891 3782; x_wconf 70' lang='lat' dir='ltr'>Aup.</span> <span class='ocrx_word' id='word_1_121' title='bbox 910 3712 1048 3781; x_wconf 75' lang='lat' dir='ltr'>reperien-</span> 
     </span>
    </p>
   </div>
   <div class='ocr_carea' id='block_1_13' title="bbox 137 3915 1223 4103">
    <p class='ocr_par' dir='ltr' id='par_1_13' title="bbox 137 3915 1223 4103">
     <span class='ocr_line' id='line_1_21' title="bbox 137 3915 1052 4002; baseline 0 -22"><span class='ocrx_word' id='word_1_122' title='bbox 137 3915 288 4002; x_wconf 67' lang='lat' dir='ltr'>§ri-10.</span> <span class='ocrx_word' id='word_1_123' title='bbox 333 3915 445 3993; x_wconf 78' lang='lat' dir='ltr'>Qualis</span> <span class='ocrx_word' id='word_1_124' title='bbox 480 3916 522 3980; x_wconf 89' lang='lat' dir='ltr'>sit</span> <span class='ocrx_word' id='word_1_125' title='bbox 559 3916 698 3982; x_wconf 88' lang='lat' dir='ltr'>sevirum</span> <span class='ocrx_word' id='word_1_126' title='bbox 729 3919 810 3999; x_wconf 81' lang='lat' dir='ltr'>Aug.</span> <span class='ocrx_word' id='word_1_127' title='bbox 842 3923 960 3999; x_wconf 88' lang='lat' dir='ltr'>status,</span> <span class='ocrx_word' id='word_1_128' title='bbox 997 3915 1052 3981; x_wconf 91' lang='lat' dir='ltr'>ubi</span> 
     </span>
     <span class='ocr_line' id='line_1_22' title="bbox 350 4020 1223 4103; baseline 0.002 -21"><span class='ocrx_word' id='word_1_129' title='bbox 350 4038 466 4084; x_wconf 90' lang='lat' dir='ltr'>nomen</span> <span class='ocrx_word' id='word_1_130' title='bbox 488 4026 619 4085; x_wconf 80' lang='lat' dir='ltr'>sevirum</span> <span class='ocrx_word' id='word_1_131' title='bbox 642 4022 745 4086; x_wconf 89' lang='lat' dir='ltr'>solum</span> <span class='ocrx_word' id='word_1_132' title='bbox 768 4020 924 4103; x_wconf 88' lang='lat' dir='ltr'>reperitur</span> <span class='ocrx_word' id='word_1_133' title='bbox 993 4066 1001 4082; x_wconf 89' lang='lat'><strong>.</strong></span> <span class='ocrx_word' id='word_1_134' title='bbox 1044 4069 1052 4083; x_wconf 93' lang='lat'><strong>.</strong></span> <span class='ocrx_word' id='word_1_135' title='bbox 1099 4027 1223 4085; x_wconf 84' lang='lat'>10-33</span> 
     </span>
    </p>
   </div>
   <div class='ocr_carea' id='block_1_14' title="bbox 195 4144 1052 4224">
    <p class='ocr_par' dir='ltr' id='par_1_14' title="bbox 195 4144 1052 4224">
     <span class='ocr_line' id='line_1_23' title="bbox 195 4144 1052 4224; baseline 0 -19"><span class='ocrx_word' id='word_1_136' title='bbox 195 4145 256 4215; x_wconf 75' lang='lat' dir='ltr'>§b</span> <span class='ocrx_word' id='word_1_137' title='bbox 294 4144 409 4204; x_wconf 77' lang='lat' dir='ltr'>Servili</span> <span class='ocrx_word' id='word_1_138' title='bbox 444 4145 617 4207; x_wconf 75' lang='lat' dir='ltr'>sacerdotes</span> <span class='ocrx_word' id='word_1_139' title='bbox 654 4148 693 4208; x_wconf 90' lang='lat' dir='ltr'>ad</span> <span class='ocrx_word' id='word_1_140' title='bbox 727 4151 845 4224; x_wconf 91' lang='lat' dir='ltr'>tempus</span> <span class='ocrx_word' id='word_1_141' title='bbox 878 4145 949 4206; x_wconf 85' lang='lat' dir='ltr'>faeti</span> <span class='ocrx_word' id='word_1_142' title='bbox 981 4149 1052 4205; x_wconf 90' lang='lat' dir='ltr'>sunt</span> 
     </span>
    </p>
   </div>
   <div class='ocr_carea' id='block_1_15' title="bbox 349 4248 1226 4326">
    <p class='ocr_par' dir='ltr' id='par_1_15' title="bbox 349 4248 1226 4326">
     <span class='ocr_line' id='line_1_24' title="bbox 349 4248 1226 4326; baseline -0.001 -20"><span class='ocrx_word' id='word_1_143' title='bbox 349 4249 546 4324; x_wconf 84' lang='lat' dir='ltr'>collegiorum</span> <span class='ocrx_word' id='word_1_144' title='bbox 569 4248 655 4326; x_wconf 83' lang='lat' dir='ltr'>origo</span> <span class='ocrx_word' id='word_1_145' title='bbox 688 4289 1052 4310; x_wconf 85' lang='grc'><strong>........</strong></span> <span class='ocrx_word' id='word_1_146' title='bbox 1099 4248 1226 4307; x_wconf 85' lang='grc'><strong>10-13</strong></span> 
     </span>
    </p>
   </div>
   <div class='ocr_carea' id='block_1_16' title="bbox 295 4339 1055 4533">
    <p class='ocr_par' dir='ltr' id='par_1_16' title="bbox 295 4339 1055 4533">
     <span class='ocr_line' id='line_1_25' title="bbox 297 4339 1055 4411; baseline -0.003 -16"><span class='ocrx_word' id='word_1_147' title='bbox 297 4341 418 4410; x_wconf 88' lang='lat' dir='ltr'>Zumptii</span> <span class='ocrx_word' id='word_1_148' title='bbox 431 4352 617 4400; x_wconf 78' lang='lat' dir='ltr'>commentum</span> <span class='ocrx_word' id='word_1_149' title='bbox 630 4342 771 4401; x_wconf 80' lang='lat' dir='ltr'>refellitur</span> <span class='ocrx_word' id='word_1_150' title='bbox 785 4346 823 4396; x_wconf 88' lang='lat' dir='ltr'>tt.</span> <span class='ocrx_word' id='word_1_151' title='bbox 851 4339 1055 4411; x_wconf 76' lang='lat' dir='ltr'>Augustalium</span> 
     </span>
     <span class='ocr_line' id='line_1_26' title="bbox 295 4408 1055 4533; baseline -0.003 -69"><span class='ocrx_word' id='word_1_152' title='bbox 295 4408 421 4532; x_wconf 44' lang='lat' dir='ltr'>{griffi</span> <span class='ocrx_word' id='word_1_153' title='bbox 430 4413 555 4533; x_wconf 46' lang='lat' dir='ltr'>{gvsiratu</span> <span class='ocrx_word' id='word_1_154' title='bbox 564 4413 625 4469; x_wconf 86' lang='lat' dir='ltr'>iere</span> <span class='ocrx_word' id='word_1_155' title='bbox 634 4413 817 4485; x_wconf 76' lang='lat' dir='ltr'>adquiruntur</span> <span class='ocrx_word' id='word_1_156' title='bbox 832 4417 858 4467; x_wconf 87' lang='lat' dir='ltr'>tt</span> <span class='ocrx_word' id='word_1_157' title='bbox 870 4428 892 4466; x_wconf 90' lang='lat' dir='ltr'>s.</span> <span class='ocrx_word' id='word_1_158' title='bbox 911 4409 1055 4466; x_wconf 68' lang='lat' dir='ltr'>seviratus</span> 
     </span>
    </p>
   </div>
   <div class='ocr_carea' id='block_1_17' title="bbox 0 0 1594 5370">
    <p class='ocr_par' dir='ltr' id='par_1_17' title="bbox 0 0 1594 5370">
     <span class='ocr_line' id='line_1_27' title="bbox 0 0 1594 5370; baseline 0 0"><span class='ocrx_word' id='word_1_159' title='bbox 0 0 1594 5370; x_wconf 95' lang='lat' dir='ltr'> </span> 
     </span>
    </p>
   </div>
  </div>
 </body>
</html>
