3180 5370
528 437 542 473 t

1251 460 1486 566 9,,

150 681 328 759 oppidorum
345 682 550 758 ,HIspanorum
573 680 669 740 Tucci
697 682 836 741 Peiraflor
859 682 1030 757 UrgavonIs
1042 678 1064 753 ¹)
1095 685 1125 741 et
1155 676 1270 741 LusIta-

149 786 215 845 niae
248 803 351 844 omnes
385 804 445 844 uno
479 772 529 844 vel
562 784 678 845 duobus
709 780 883 860 exceptis.²)
939 784 1052 845 Eodem
1089 785 1208 845 nomine
1240 785 1269 844 in

148 887 244 947 titulis
270 886 420 947 Africanis
444 889 586 963 quattuor
614 886 663 946 vel
684 887 836 964 quinque,
866 887 897 945 in
926 886 1033 962 quibus
1057 886 1270 964 Augustalium

148 989 180 1048 lit
203 991 328 1067 mentio,
365 991 392 1048 ei
420 1007 539 1065 semper
569 992 791 1066 nuncupantur.
845 990 953 1066 Neque
982 989 1067 1048 aliter
1096 1007 1129 1048 se
1160 989 1271 1049 habent

147 1093 227 1153 tituli
249 1093 309 1153 huc
331 1094 515 1169 pertinentes
537 1093 699 1169 perpauci,
722 1093 772 1168 qui
785 1111 833 1152 fex
854 1091 926 1151 Asia
948 1095 978 1151 et
999 1092 1113 1151 Achaia
1135 1093 1269 1151 innotue-

147 1200 226 1274 runt,
248 1201 374 1273 excepto
398 1215 457 1255 uno
473 1196 609 1256 Patrensi
624 1197 678 1270 ΙΙΙ,
695 1197 764 1256 503.
809 1195 886 1254 Tum
908 1194 1002 1254 titulis
1018 1195 1148 1255 Moesiae
1170 1195 1270 1254 adhuc

127 1296 322 1381 ¹satisraris
353 1301 383 1359 et
411 1298 523 1367 Daciae
556 1299 648 1358 multo
671 1297 926 1374 frequentioribus
935 1294 960 1369 ³)
983 1302 1072 1374 atque
1095 1299 1270 1357 Pannoniae

146 1401 308 1478 superioris
337 1403 453 1462 Emona
488 1402 664 1462 Scarbantia
698 1401 851 1472 Carnunto
891 1400 1007 1477 oppidis
1038 1402 1154 1461 omissis
1189 1392 1277 1461 nulla‘

146 1504 288 1581 sevirum,
311 1503 364 1564 sed
387 1504 482 1564 solum
504 1503 717 1580 Augustalium
740 1504 932 1563 continentur
954 1503 1134 1563 testimonie.

152 1638 154 1642 ·
231 1607 343 1667 Contra
373 1606 464 1665 seviri
490 1607 553 1665 sive
583 1607 673 1666 seviri
693 1605 876 1681 Augustales
906 1606 961 1666 soli
989 1607 1099 1682 reperti
1132 1610 1203 1666 sunt
1234 1606 1265 1664 in
1298 1609 1352 1687 UlJi
1370 1609 1446 1657 seviri

144 1711 306 1784 Hispaniae
330 1709 457 1769 maxima
485 1713 587 1787 parte,
621 1709 653 1767 in
687 1708 790 1768 Galliis
821 1713 850 1768 et
872 1709 1063 1768 Narbonensi
1095 1713 1125 1768 et
1146 1708 1269 1785 Lugdu·
1288 1677 1457 1726 sohexstent.

144 1808 285 1889 nonsit),
314 1813 345 1871 in
374 1812 544 1889 Germania,
576 1812 736 1889 Helvetia,
766 1812 797 1870 in
830 1831 904 1886 uno,
942 1811 992 1888 qui
1025 1811 1063 1870 ad
1086 1811 1270 1887 Augustales

143 1918 276 1993 spectat,
299 1916 471 1975 Britanniae
493 1915 590 1974 titulo.
633 1916 728 1975 Porro
751 1915 809 1974 hoc
832 1914 899 1975 loco
932 1913 1077 1973 laudandi
1100 1917 1172 1973 sunt
1193 1913 1270 1973 tituli

142 2017 237 2076 Italici
266 2018 399 2078 decimae
428 2019 559 2094 regionis
590 2013 680 2094 atq‘ue
713 2017 888 2077 undecimae
921 2016 991 2076 inde
1024 2017 1062 2076 ab
1086 1997 1187 2075 Altino
1221 2020 1271 2077 vel

142 2120 267 2180 Patavio
290 2120 472 2180 occidentem
494 2138 600 2180 versus
624 2138 719 2195 usquo
741 2120 778 2178 ad
794 2121 959 2196 Augustam
975 2120 1185 2195 Taurinorum,
1209 2111 1269 2177 nisi

143 2223 223 2298 quod
245 2224 338 2281 seoiri
360 2205 390 2281 ct
413 2225 596 2297 repressores
627 2224 656 2282 in
680 2222 831 2282 nonnullis
864 2241 966 2282 eorum
990 2224 1269 2289 commemorantur,

142 2326 279 2402 Denique
301 2327 382 2385 tituli
403 2326 565 2402 Aemiliae,
595 2329 745 2402 quotquot
776 2325 908 2384 mihimet
941 2324 1039 2383 adhuc
1062 2323 1267 2399 innotuerunt,

142 2426 351 2503 Augustalium
374 2429 524 2488 rarissime
548 2429 728 2488 mentionem
751 2427 875 2487 faciunt.

227 2532 354 2590 Restant
376 2531 484 2608 Igitur,
516 2532 545 2590 in
578 2549 703 2607 quorum
736 2530 830 2590 titulis
860 2535 889 2590 et
919 2531 1007 2589 scviri
1036 2535 1065 2589 et
1086 2529 1267 2604 Augustales
1285 2547 1337 2594 Ubi
1349 2547 1461 2595 etseviri·

143 2633 344 2711 reperiantur,
365 2633 423 2692 tria
445 2634 608 2709 Hispaniae
631 2631 757 2710 oppida:
781 2632 899 2692 Vivatia
921 2633 1017 2708 Astigi
1050 2632 1171 2708 Italica,
1203 2634 1265 2689 tum
1284 2615 1455 2732 &effigi

124 2736 292 2795 ¹Dalmatia
314 2740 344 2794 et
358 2737 515 2795 Pannonia
537 2735 669 2812 inferior,
691 2754 781 2812 porro
804 2736 894 2794 Istria
916 2737 946 2795 ct
962 2735 1087 2794 Venetia
1109 2752 1205 2810 usquc
1228 2732 1266 2791 ad
1299 2700 1316 2746 p
1431 2719 1437 2733 ⁸

144 2839 275 2897 Altinum
299 2835 493 2915 (quamquam
516 2839 605 2898 seviri
627 2869 668 2876 —
693 2838 816 2897 maxime
839 2836 995 2913 Aquileiae
1017 2867 1060 2876 —
1083 2837 1176 2895 multo
1199 2839 1269 2894 sunt

39 2941 51 2947 ’
110 3017 112 3019 ¹
143 2939 386 3017 frequentiores),
409 2940 516 3000 deinde
532 2942 671 3017 Augusta
686 2941 898 3017 Taurinorum,
920 2939 1045 3016 Segusio
1068 2941 1098 2998 et
1114 2939 1269 3014 complura

232 3207 251 3269 ¹)
269 3204 336 3258 Nam
356 3204 626 3273 Ipolcobulcolensis
645 3206 681 3272 ll,
704 3210 765 3259 isle
784 3203 888 3258 rectius
905 3203 971 3257 mihi
989 3203 1102 3256 videtur
1120 3201 1268 3256 restitutus

144 3306 206 3344 esse
225 3307 241 3343 a
259 3290 427 3344 llommseno
440 3291 659 3361 Aolq(osti)n.]
678 3306 761 3359 quam
777 3289 964 3355 aHuebnero,
982 3287 1031 3358 qui
1044 3287 1269 3358 Aolq(rrstulis)]

144 3374 249 3428 nomini
267 3381 349 3444 putat
366 3390 429 3429 esse
443 3376 615 3444 propositum
629 3382 661 3430 ut
674 3378 742 3446 Aug.
751 3381 909 3447 perpetuus
922 3374 950 3426 in
964 3372 1056 3427 titulis
1069 3373 1268 3440 Olislponensi-

145 3460 200 3514 bus
221 3464 277 3514 183.
299 3465 353 3515 196.
373 3459 408 3514 cf.
428 3460 588 3519 llommscn.
606 3465 658 3514 act.
677 3460 768 3514 Berol.
787 3465 827 3514 61.
847 3477 874 3527 p.
893 3465 951 3513 735.

230 3547 252 3611 ²)
264 3544 332 3598 Nam
345 3545 380 3599 dc
391 3545 475 3600 titulo
487 3546 657 3600 Emeritensi
666 3546 702 3612 ΙΙ,
716 3549 765 3599 495
778 3545 842 3599 vide
855 3544 932 3613 quod
944 3544 1089 3598 adnotavit
1101 3543 1268 3597 Hucbnerus

144 3631 347 3689 aMommscno
371 3630 499 3684 monitus.
522 3630 570 3698 (cf.
589 3649 617 3700 p.
636 3633 680 3698 52)
705 3626 748 3684 At
769 3636 801 3684 ut
824 3633 891 3685 vera
909 3630 946 3682 sit
963 3630 1067 3684 tradita
1085 3628 1159 3682 tituli
1178 3629 1269 3695 lectio,

145 3715 228 3770 huius
246 3716 369 3768 coloniae
387 3715 548 3770 condicione
567 3715 701 3784 singulari
719 3717 788 3770 satis
807 3716 985 3784 explanatur,
1002 3731 1052 3768 eur
1070 3714 1152 3768 etiam
1169 3714 1199 3789 in
1216 3713 1268 3768 hae

145 3816 175 3854 re
192 3800 227 3853 ab
246 3799 389 3868 Olisipone
407 3799 525 3854 differat.
544 3833 578 3840 -
597 3803 629 3855 ln
649 3802 729 3856 titulo
747 3801 877 3856 Balsensi
895 3801 929 3866 ll,
951 3805 988 3854 13.
1008 3799 1148 3852 seviratus
1167 3814 1266 3852 nomen

145 3885 272 3951 usurpari
296 3900 352 3938 nou
375 3891 419 3938 est
443 3886 519 3953 quod
536 3885 677 3954 miremur,
702 3887 726 3940 si
751 3887 863 3954 quidem
888 3887 935 3940 illa
959 3885 1026 3939 urbs
1044 3900 1105 3937 cum
1130 3882 1158 3936 in
1186 3884 1268 3937 maris

145 3971 226 4024 litore
250 3967 388 4038 frequenti
411 3976 470 4024 tum
494 3970 523 4024 in
547 3971 668 4025 confinio
693 3986 781 4041 prope
802 3972 933 4026 Baeticae
958 3971 1012 4024 sita
1029 3967 1097 4033 fuit,
1117 3968 1164 4021 ubi
1183 3967 1268 4021 seviri

145 4055 306 4123 saepissime
325 4055 579 4123 deprehenduntur.
603 4087 636 4097 -
657 4055 700 4111 At
718 4074 772 4111 non
792 4063 836 4112 est
853 4055 966 4110 silentio
984 4053 1269 4123 praetermittendum,

145 4145 252 4210 septem
271 4139 321 4210 qui
338 4145 447 4194 restant
463 4141 625 4198 Lusitaniam
643 4142 740 4198 titulos
759 4143 902 4210 Olisipone
919 4141 955 4196 ad
966 4155 1053 4194 unum
1064 4153 1159 4194 omnes
1172 4143 1267 4193 erutos

144 4240 215 4281 esse.

231 4311 254 4375 ³)
271 4310 304 4362 E.
322 4324 363 4376 gr.
382 4309 619 4380 Sarmizegetusae
641 4317 668 4365 ll
688 4312 821 4367 habemus
840 4311 1041 4382 Augustalium
1060 4309 1166 4363 titulos.

230 4396 254 4461 Ι)
272 4402 391 4463 excepto
413 4401 444 4451 L.
462 4397 568 4452 Silenio
586 4399 696 4466 Regino
713 4396 790 4469 Aug.
809 4397 900 4452 Boiss.
920 4397 968 4464 Vl,
986 4414 1011 4451 n.
1031 4394 1153 4449 XXXIII
1171 4416 1205 4442 =
1223 4393 1267 4450 W.

144 4485 218 4549 2506,
237 4482 272 4539 de
290 4498 347 4554 quo
365 4480 562 4551 infrangatur.
