3180 5370
368 651 416 709 25.
439 690 446 706 .
461 693 468 708 .
484 650 517 708 P.
538 648 662 709 Flavius
676 648 860 708 Palestricus
875 649 912 707 H.
927 647 963 707 A.
978 649 1017 709 M.

477 751 643 812 Trebonius
665 751 841 836 Tiburtinus
863 751 900 810 H.
922 751 958 809 A.
1009 794 1016 810 .

368 856 417 914 26.
438 853 518 913 ..In
540 854 656 914 Mucius
675 852 836 929 Nicephor.
852 870 928 928 mag.
942 854 1016 912 Her·

478 956 636 1032 cul.Aug.
702 996 1017 1014 .......

368 1062 417 1119 27.
440 1101 470 1118 ..
493 1057 524 1118 (l.
546 1057 653 1117 Albius
675 1056 802 1116 Livillac
817 1056 836 1115 l.
850 1055 1017 1132 Thymeles

361 1226 364 1231 ,
476 1161 566 1220 Herc.
589 1160 766 1235 Augustalis
809 1203 816 1218 .
859 1202 867 1218 .
911 1202 918 1218 .
962 1202 969 1218 .
1012 1202 1020 1219 .

368 1267 417 1324 28.
438 1265 472 1323 P.
494 1263 633 1349 Mummio
658 1262 690 1320 P.
705 1259 725 1320 f.
746 1261 810 1322 Gal.
829 1257 1018 1322 Sisennae..

477 1382 538 1425 cos.
554 1364 662 1441 auguri
678 1367 735 1422 etc.
758 1407 788 1423 ..
810 1367 938 1439 patrono
954 1382 1017 1422 mu·

442 1499 459 1525 ·.
477 1467 578 1542 nicipii
607 1485 668 1526 cur.
692 1465 754 1526 fani
776 1467 814 1525 H.
834 1467 869 1525 V.
890 1508 920 1525 ..
942 1466 1017 1525 Her·

478 1569 596 1630 culauoi
610 1567 793 1645 Augustales
809 1611 831 1627 ..
847 1569 879 1626 ia
892 1568 1018 1626 sinistro

398 1701 400 1705 v
478 1673 590 1730 latere:
620 1669 794 1729 curantibus
821 1671 855 1730 P.
881 1669 1018 1747 Ragonio

478 1773 640 1834 Saturnino
657 1776 687 1832 et
699 1772 730 1832 0.
741 1773 852 1832 Manlio
864 1773 1018 1833 Marciano

404 1941 407 1947 ¹
479 1895 507 1952 q.
539 1874 651 1934 ordinis
674 1874 884 1949 Augustalium
911 1873 1019 1933 Tibur·

477 1978 552 2037 tium
602 2018 610 2037 .
654 2020 662 2036 .
705 2020 712 2036 .
756 1974 1016 2048 .(0r.3933=)
1035 1974 1135 2036 Ora-fl.
1153 1979 1243 2036 6499.

370 2082 419 2152 29.
442 2080 488 2140 Ti.
521 2077 646 2140 Olaudio
678 2079 816 2139 Salviano
846 2079 1018 2138 Herculano

478 2182 555 2256 Aug.
578 2180 672 2256 gratis
695 2184 797 2240 creato
820 2179 986 2257 duplicario
1009 2223 1017 2239 .
1085 2179 1135 2240 Or.
1152 2182 1243 2241 3934.

369 2286 417 2345 30.
440 2284 482 2342 Τ.·
497 2282 669 2343 Trebulano
695 2282 732 2343 Τ.
761 2282 779 2341 f.
807 2282 886 2342 Cam.
908 2282 1020 2358 Nepoti

142 2998 309 3046 Mercuriales

147 3065 269 3114 Naronae
288 3082 302 3114 a

180 3133 269 3181 seviris

173 3201 276 3250 diversi.

480 2386 567 2444 Herc.
579 2386 657 2461 Aug.
675 2383 710 2442 Τ.
720 2383 910 2445 Trebulanus
921 2385 957 2444 Τ.
969 2384 1019 2443 lib.

478 2488 583 2563 Nepos
605 2488 694 2546 Hero.
715 2485 816 2562 Aug..
859 2528 867 2547 .
911 2529 918 2544 .
961 2529 969 2544 .
1012 2483 1136 2546 .0r.·H
1153 2487 1244 2546 6065.

369 2592 418 2648 31.
442 2590 472 2650 0.
487 2589 605 2650 Maenio
628 2588 659 2649 Ο.
677 2587 698 2647 f.
716 2588 801 2648 ¹(lam.
822 2589 916 2647 Basso
931 2587 1020 2648 aedili

479 2692 538 2751 1111
549 2693 615 2751 viro
631 2710 707 2768 mag.
715 2690 906 2751 Herculaneo
920 2691 950 2749 et
958 2688 1018 2749 Au-

480 2794 590 2869 gustali
613 2836 642 2853 ..
665 2791 721 2865 (37
738 2808 773 2865 p.
799 2788 880 2863 Gor.)
909 2835 917 2850 .
961 2835 968 2850 .
1011 2836 1019 2851 .
1083 2789 1134 2850 Or.
1151 2794 1245 2852 3434.

369 2899 418 2956 32.
440 2896 758 2971 ..VI-vir.Herc.Aug.
772 2894 876 2957 Tibur.
891 2898 1018 2970 patrono
1052 2895 1128 2954 Mur.
1146 2896 1244 2972 190,7.

413 3000 475 3058 lam
497 2998 528 3057 in
550 2998 644 3055 titulis
667 2997 912 3074 Naronensibus‚
934 2996 1015 3059 aude
1038 3013 1163 3057 exorsus
1185 2997 1367 3072 Borghesius
1390 3014 1449 3055 om-

327 3101 398 3159 nino
420 3101 498 3159 hanc
520 3099 724 3176 quaestionem
748 3099 849 3176 mouit,
871 3100 949 3158 notis
966 3098 1007 3156 M.
1026 3099 1066 3158 M.
1084 3099 1240 3175 magistros
1254 3098 1449 3160 Mercuriales

329 3201 489 3277 significari
512 3204 671 3278 postquam
694 3202 828 3262 Nisiteus
860 3201 988 3262 coniecit
1019 3219 1055 3261 ac
1077 3202 1262 3276 Borghesius
1284 3199 1450 3260 rationibus

327 3303 529 3381 confirmavit,
558 3321 643 3362 nemo
668 3321 728 3364 non
752 3300 936 3376 concessit¹)
983 3303 1094 3374 Contra
1117 3302 1359 3380 distinguendum
1383 3321 1449 3362 esse
1541 3301 1546 3312 '

325 3395 404 3467 inter
426 3406 626 3481 magisterium
651 3407 875 3465 Mercurialium
900 3410 929 3465 et
951 3406 1111 3465 seviratum
1142 3407 1175 3464 ut
1200 3404 1363 3465 interduo
1387 3424 1449 3466 mu·

325 3527 399 3567 nera
421 3507 541 3566 diversa
563 3527 600 3566 ex
623 3527 651 3566 n.
674 3511 696 3567 4·
718 3510 799 3596 etb,
823 3508 873 3568 ubi
895 3509 983 3569 seviri
1007 3508 1044 3568 ob
1067 3507 1210 3567 honorem
1227 3510 1267 3568 Μ.
1282 3510 1320 3568 Μ.
1336 3507 1448 3584 aliquid

327 3609 467 3670 dicuntur
489 3609 659 3687 dedicasse,
681 3611 836 3685 Zumptius
857 3616 939 3671 recte
962 3610 1101 3671 confecit.
1146 3610 1212 3684 000
1235 3612 1302 3670 1000
1324 3610 1354 3669 id
1377 3628 1450 3686 quo·

413 3841 434 3906 ¹)
451 3839 643 3894 Convenirent
655 3839 767 3907 quidem
785 3838 885 3894 litteris
898 3838 937 3893 M.
949 3838 987 3893 M
1004 3844 1149 3907 praeterea
1161 3846 1189 3894 et
1202 3839 1332 3910 magistri
1344 3838 1448 3893 Miner-

327 3925 402 3980 valcs
426 3924 461 3978 of.
485 3925 524 3992 V,
547 3929 621 3979 7505.
646 3927 719 3979 7462.
743 3928 818 3978 7497.
843 3930 872 3978 et
894 3925 1023 3994 mapistrr'
1051 3924 1240 3979 Mortinorum
1270 3924 1292 3977 Ι.
1315 3924 1347 3978 N.
1373 3929 1448 3979 5697.

327 4009 382 4064 Sed
406 4009 590 4065 Mercuriales
614 4026 676 4063 cum
701 4009 813 4063 omnino
832 4010 943 4089 saepius
962 4015 1217 4078 commemorentur,
1234 4014 1292 4063 tum
1310 4009 1346 4062 ad
1365 4009 1449 4064 Naro·

325 4098 388 4148 nam
408 4095 554 4163 quadrant,
573 4095 621 4149 ubi
637 4094 766 4149 Mercurii
785 4095 888 4148 cultum
906 4100 1016 4150 constat
1033 4095 1184 4164 praecipue
1197 4094 1332 4150 floruisse.
1359 4092 1449 4148 Acce-

326 4180 369 4234 dit
392 4180 468 4249 quod
493 4180 696 4235 Mercurialium
721 4179 837 4248 collegia
855 4180 1022 4235 constabant
1043 4179 1178 4249 imprimis
1196 4195 1231 4234 cx
1248 4179 1448 4234 mercatoribus
1540 4238 1545 4247 ,

328 4265 482 4334 opulentis,
505 4264 554 4333 (01.
572 4267 593 4320 Ι.
607 4266 639 4319 N.
660 4269 733 4319 1621.
761 4267 831 4319 1522.
848 4265 884 4320 cf.
901 4266 962 4320 Liv.
988 4269 1012 4333 2,
1031 4269 1071 4318 27,
1095 4264 1197 4332 Bo‘rgh.
1213 4265 1231 4318 l.
1248 4266 1266 4318 l.
1284 4280 1311 4333 p.
1333 4268 1389 4318 103.
1413 4262 1448 4318 cf.

325 4350 448 4404 Momms.
467 4350 502 4405 ad
519 4350 541 4418 1,
560 4354 609 4404 804
628 4356 656 4404 et
674 4354 736 4418 805)
754 4349 801 4418 qui
819 4350 923 4419 optime
941 4355 1038 4406 esseut
1054 4350 1149 4404 idonei
1172 4351 1208 4405 ad
1224 4345 1462 4418 Augustalitatis.

324 4449 438 4490 munera
455 4435 625 4491 sustinenda.
