3180 5370
398 412 439 476 84

396 586 499 646 tabula
522 586 676 661 exsculpta
697 585 784 644 etiam
808 587 948 661 quartum
970 583 1121 663 adiungit,
1151 585 1308 662 epularum
1335 584 1527 657 divisionem.

396 690 472 749 Nam
495 689 525 746 in
548 688 668 747 excelso
691 690 838 764 suggestu
861 686 946 746 sedet
967 686 997 745 in
1021 687 1095 746 sella
1118 688 1229 746 curruli
1253 706 1319 746 cum
1343 662 1469 746 scamno
1485 685 1525 745 ad

396 791 488 870 pedes
502 791 549 849 vir
563 789 707 850 barbatus
723 792 752 848 et
767 792 972 866 praetextatus
987 789 1124 849 manibus
1136 807 1227 866 super
1238 807 1339 866 genua
1350 785 1526 861 demissis¹).

395 895 468 953 Post
490 911 557 953 eum
580 896 661 951 stant
682 909 735 950 aex
759 891 893 951 homines
916 892 1019 968 togati,
1042 896 1072 951 et
1093 893 1131 951 ab
1154 896 1283 968 utroque
1304 892 1399 951 latere
1415 891 1527 951 sedent

395 997 425 1054 iu
448 995 531 1054 sellis
553 995 603 1054 alii
626 993 746 1070 singuli.
790 993 851 1053 Sub
874 993 1014 1052 tribunali
1039 997 1154 1069 septem
1183 995 1316 1053 homines
1343 994 1415 1053 facti
1444 996 1526 1071 sunt,

396 1099 452 1158 viri
482 1098 677 1172 mulieresve,
708 1096 815 1170 partim
845 1096 1006 1172 abeuntes,
1043 1096 1150 1171 partim
1178 1096 1333 1156 adstantes
1356 1101 1385 1155 et
1415 1113 1525 1168 manus

395 1201 554 1260 tendentes
582 1198 621 1257 ad
652 1197 805 1257 sedentem
835 1197 962 1257 medium
991 1197 1022 1256 in
1052 1198 1203 1257 tribunali.
1246 1199 1410 1258 Praeterea
1432 1217 1452 1256 a
1473 1198 1526 1257 tri·

396 1302 514 1363 bunalis
540 1301 647 1360 dextra
677 1304 706 1359 et
736 1300 855 1358 sinistra
885 1303 965 1358 stant
992 1300 1112 1359 lictores
1140 1301 1248 1376 singuli
1278 1301 1371 1376 togati
1401 1305 1432 1360 et
1456 1318 1525 1360 enm

397 1405 496 1481 virgis
557 1403 674 1462 Deinde
711 1406 808 1461 autem
847 1418 1011 1477 cognoscas
1051 1401 1185 1461 homines
1231 1406 1292 1461 tres
1326 1422 1344 1462 a
1377 1407 1537 1479 suggestu·

396 1507 557 1582 abeuntes,
583 1522 673 1581 porro
700 1506 763 1563 tres
789 1508 967 1580 quattuorve
996 1505 1114 1563 lictores
1144 1509 1320 1581 suggestum
1352 1523 1460 1565 versus
1481 1505 1526 1565 in·

397 1608 550 1683 cedentes,
580 1610 730 1684 postremo
756 1624 809 1665 sex
837 1606 894 1664 viri
916 1611 987 1683 toga
1010 1606 1101 1681 longa
1130 1608 1230 1666 vestiti
1257 1613 1301 1683 et,
1332 1611 1366 1666 nt
1395 1607 1527 1685 videtur,

395 1712 473 1770 inter
494 1727 528 1769 se
550 1709 766 1786 colloquentes.

483 1813 544 1870 lam
574 1812 629 1871 etsi
663 1812 694 1870 in
726 1809 772 1869 his
801 1811 946 1869 nonnulla
973 1810 1106 1870 nondum
1138 1813 1211 1871 satis
1240 1812 1394 1889 perspexi,
1422 1816 1525 1871 tamon

396 1915 427 1974 id
457 1933 513 1992 pro
544 1917 625 1973 certo
655 1911 890 1988 adfirmaverim,
921 1913 968 1971 lric
1001 1913 1134 1973 exhiberi
1157 1915 1195 1972 ll.
1218 1913 1369 1973 Valerium
1392 1914 1524 1973 sevirum

397 2019 491 2076 instar
511 2016 741 2076 Trimalchionis
764 2016 794 2073 in
818 2015 961 2074 tribunali
984 2015 1135 2075 sedentem
1158 2020 1378 2092 praetextatum
1395 2019 1425 2075 et
1440 2034 1525 2076 num-

397 2136 460 2179 mos
483 2120 514 2177 in
536 2117 657 2195 publico
680 2109 893 2176 effundentem.
937 2117 1056 2178 Scilicet
1079 2136 1133 2194 pro
1150 2135 1224 2177 cena
1238 2119 1358 2177 sevirali
1373 2119 1537 2194 sportulas

398 2221 510 2281 dividit.
561 2220 627 2293 Quo
655 2219 685 2278 in
719 2220 839 2295 negotio
862 2236 966 2279 rursus
989 2221 1015 2278 ei
1039 2219 1187 2296 adparent
1209 2220 1268 2280 duo
1291 2221 1420 2279 lictores.
1466 2221 1525 2295 Qui

397 2328 478 2383 stant
500 2323 536 2381 ab
560 2322 624 2381 eius
647 2326 743 2397 tergo,
766 2339 837 2380 uum
860 2321 928 2380 item
945 2323 1005 2381 sint
1020 2323 1139 2382 accensi
1163 2323 1211 2381 vel
1234 2324 1429 2400 apparitores,
1451 2324 1525 2382 milri

398 2442 503 2503 parum
528 2425 629 2500 liquet.
673 2424 739 2482 Neo
769 2423 863 2499 magis
886 2424 993 2499 reliqui
1016 2423 1076 2483 duo
1092 2425 1122 2483 in
1145 2429 1290 2501 suggestu
1313 2425 1450 2485 sedentes
1473 2427 1525 2501 qui

398 2527 528 2587 sint-vel
551 2525 622 2602 quid
646 2527 742 2585 velint
766 2526 839 2584 satis
862 2527 1048 2602 exploratum
1072 2526 1176 2587 habeo.
1224 2527 1363 2587 Attamen
1387 2529 1526 2604 suspicor

398 2647 450 2690 eos
465 2647 530 2688 esse
547 2630 739 2705 magistratus
758 2628 842 2704 duos,
857 2632 932 2704 puta
947 2629 1061 2687 aediles
1077 2629 1125 2688 vel
1145 2633 1330 2707 quaestores,
1353 2630 1404 2706 qui
1424 2630 1527 2690 huius-

398 2731 477 2790 modi
499 2730 705 2806 divisionibus,
728 2748 766 2790 ne
789 2731 895 2788 turbae
918 2728 1033 2807 fierent,
1055 2736 1207 2807 tamquam
1233 2733 1372 2791 custodes
1395 2733 1527 2807 fortasse

398 2833 505 2893 adesse
528 2833 671 2895 solebant.
716 2832 775 2906 Qui
791 2832 846 2891 sub
862 2833 1004 2893 tribunali
1021 2833 1132 2909 depicti
1149 2838 1226 2910 sunt,
1249 2835 1400 2910 sportulas
1415 2837 1525 2911 partim

397 2940 597 3012 acceperunt,
625 2936 732 3012 partim
767 2937 837 2993 sunt
867 2936 1028 3011 accepturi.
1078 2935 1178 3011 Atque
1201 2934 1255 2994 hos
1278 2937 1399 3011 quidem
1423 2955 1526 2998 omnes
1557 3002 1572 3019 ι

399 3038 575 3112 coniecerim
608 3054 672 3096 esse
707 3037 842 3095 homines
874 3036 912 3095 de
943 3037 1040 3113 plebe.
1096 3037 1196 3097 Ceteri
1228 3042 1345 3113 autem,
1382 3040 1432 3114 qui
1456 3040 1533 3100 loco*

398 3139 552 3216 superiore
576 3139 684 3215 partim
708 3157 726 3196 a
747 3138 889 3198 tribunali
913 3138 1081 3215 discedunt,
1103 3140 1210 3215 partim
1234 3140 1394 3217 accedunt,
1423 3143 1544 3200 nescio·

395 3259 436 3300 an
459 3241 519 3299 sint
540 3241 614 3299 socii
636 3240 762 3300 duorum
784 3241 946 3317 primorum
970 3241 1123 3316 sardinum,
1146 3243 1198 3317 qui
1220 3243 1371 3319 sportulas
1395 3223 1525 3304 maiores

398 3343 526 3402 fortasse
548 3343 614 3402 loco
637 3347 777 3418 separato
801 3342 955 3418 accipiant
999 3343 1082 3402 Inter
1104 3361 1180 3419 quos
1203 3348 1331 3421 possunt
1353 3346 1442 3405 etiam
1459 3362 1526 3406 esse

398 3446 590 3523 magistratus
620 3446 706 3522 anni,
743 3445 781 3503 ad
812 3461 888 3520 quos
918 3444 1043 3504 forsitan
1080 3447 1250 3521 pertineant
1280 3446 1332 3523 qui
1361 3452 1526 3522 supersunt

397 3548 527 3608 lictores.
578 3549 620 3606 At
651 3550 719 3606 utut
747 3546 778 3605 id
809 3549 867 3621 est,
899 3564 969 3604 num
1001 3548 1121 3606 nimium
1153 3549 1341 3626 praedicavi,
1372 3567 1439 3607 oum
1467 3550 1525 3610 hoc

398 3653 591 3709 monumento
604 3651 746 3726 optimam
762 3654 793 3707 et
808 3648 928 3707 omnino
944 3666 1100 3708 munerum
1116 3651 1335 3727 insigniumque
1350 3651 1524 3711 seviralium

398 3756 427 3811 et
450 3752 508 3812 loci
532 3751 704 3811 Petroniani
725 3751 954 3809 illustrationem
979 3753 1124 3810 contineri
1148 3752 1299 3812 dicebam?

193 3857 234 3904 De
244 3855 390 3920 anaglypho
486 3856 549 3914 lam
571 3854 609 3914 de
631 3853 726 3913 altero
748 3852 918 3930 anaglypho
942 3871 1039 3927 pauca
1061 3855 1154 3914 verba
1177 3854 1299 3932 addam,
1322 3855 1403 3930 quod
1426 3859 1525 3915 exstat

234 3924 358 3974 Suasano.
400 3959 429 4017 in
453 3962 645 4017 monumento
668 3956 830 4033 sepulcrali
852 3956 964 4016 Snasae
986 3957 1017 4015 in
1034 3956 1156 4016 Umbria
1176 3962 1296 4034 reperto
1320 3961 1349 4017 et
1371 3958 1401 4017 in
1424 3959 1523 4018 annal

399 4062 479 4120 1872
495 4078 525 4135 p.
541 4063 579 4118 6⁴2
596 4077 634 4118 ss.
650 4059 761 4134 publici
782 4059 856 4116 iuris
879 4057 968 4116 facto.
1012 4060 1097 4117 Fecit
1117 4060 1191 4125 illud
1214 4058 1378 4119 secundum
1401 4061 1523 4121 titulum

397 4162 573 4238 inscriptum
597 4161 668 4219 Sex.
696 4160 804 4218 stativa
826 4159 897 4217 Sex.
922 4160 941 4217 l.
966 4159 1086 4217 ltimaa
1109 4160 1154 4218 VI
1170 4162 1216 4219 vir
1238 4163 1293 4221 sibi
1317 4166 1346 4221 et
1368 4161 1523 4222 Lucaniae

485 4378 504 4440 ¹)
523 4375 709 4428 Mommsenus
727 4372 796 4426 dicit
814 4386 875 4425 eum
889 4372 1028 4442 quaedam
1047 4371 1223 4428 distribuere.
