3142 5138
225 514 231 523 ·
318 470 377 534 118

316 646 554 723 quotiescunque
568 645 752 720 Augustales
775 644 880 703 civitas
902 643 1046 703 voluisset
1067 644 1232 703 instituere.
1277 645 1371 703 Immo
1392 660 1437 703 sc-

315 749 370 808 viri
393 747 564 807 sacerdotes
587 748 714 822 primum
738 765 756 806 a
778 745 990 806 decurionibus
1013 744 1084 805 facti
1107 749 1180 805 sunt
1194 763 1357 824 consensu,
1377 746 1438 825 opi

316 870 384 926 nor,
415 849 564 934 pontificis
591 849 726 935 maximi:
764 867 823 925 quo
853 868 891 909 ex
921 848 1088 909 sacerdotio
1120 847 1193 909 ordo
1226 849 1439 926 Augustalis!

313 952 402 1030 quasi
424 953 596 1013 necessario
618 953 721 1013 evasit
766 952 824 1025 Qui
846 952 941 1012 sicubi
963 952 1031 1010 iura
1053 952 1174 1028 petebat
1198 951 1337 1029 collegiis
1359 952 1439 1013 veris

316 1056 448 1133 propria,
469 1059 531 1114 tum
555 1055 672 1114 demum
695 1055 824 1114 fortasse
840 1055 996 1132 privilegio
1014 1071 1089 1130 opus
1105 1059 1178 1114 erat
1222 1055 1324 1114 Nihilo
1339 1057 1439 1115 umen

290 1158 408 1219 setius
431 1176 468 1217 ne
490 1159 656 1235 posteriore
679 1157 799 1234 quidem
830 1164 927 1218 aetate
958 1159 1049 1217 seviri
1081 1176 1147 1218 cum
1165 1159 1280 1218 *ceteris
1302 1158 1439 1235 collegiis

316 1262 405 1339 plane
439 1265 508 1320 sunt
541 1261 657 1321 confusi
689 1266 742 1321 aut
774 1280 834 1321 uno
866 1279 992 1322 numero
1020 1261 1121 1321 habiti.
1172 1260 1289 1320 Etenim
1320 1263 1437 1321 tontum

316 1364 411 1424 valuit
431 1364 627 1424 sacerdotalis
651 1383 753 1424 eornm
775 1364 892 1424 indoles
915 1369 944 1423 et
967 1365 1109 1423 continua
1131 1363 1266 1440 corporis
1288 1381 1326 1424 ex
1341 1382 1439 1424 saecr-

130 1474 212 1524 Seviri
221 1473 300 1522 medii
318 1466 399 1526 dotio
423 1467 516 1541 origo.
559 1467 634 1526 Erat
656 1468 748 1544 igitur
762 1467 970 1544 Augustalium
994 1471 1105 1526 natura
1125 1467 1156 1525 in
1180 1467 1354 1526 universum
1375 1465 1439 1542 fera

129 1541 300 1658 interppdinis
320 1568 417 1628 media
438 1570 516 1629 inter
538 1569 651 1628 ordinis
673 1570 827 1645 rationem,
849 1570 946 1646 qualis
962 1569 1158 1629 conveniebat
1175 1568 1387 1631 decurionibus
1409 1573 1439 1631 ct

130 1678 299 1757 collegiorum
318 1672 447 1749 populo,
470 1677 499 1732 ct
520 1672 766 1732 internetionem
789 1673 999 1748 collegiorum,
1023 1690 1101 1749 quae
1123 1672 1180 1732 fuit
1201 1673 1326 1749 propria
1347 1671 1439 1733 fabris

147 1754 280 1796 raconem.
317 1775 365 1832 vel
388 1775 570 1834 centenariis
591 1778 681 1851 atque
712 1775 854 1852 imprimis
883 1774 1054 1834 tenuiorum
1081 1775 1266 1851 corporibus.
1310 1775 1372 1836 Illis
1402 1794 1439 1837 nx

317 1877 458 1950 opinione
480 1879 635 1955 populari,
666 1877 712 1936 his
746 1878 912 1937 secundum
946 1877 1020 1937 iuris
1051 1882 1215 1954 praecepta
1237 1879 1332 1953 magis
1353 1883 1440 1940 crant

317 1978 431 2038 affines.
476 1981 561 2040 Unde
593 1982 680 2041 etiam
707 1981 916 2058 explicandum
947 1986 1006 2057 est,
1043 1981 1125 2057 quod
1157 1981 1187 2040 in
1219 1982 1292 2042 iuris
1324 1983 1439 2060 antiqui

318 2080 408 2159 libris,
430 2083 480 2157 qui
503 2083 540 2141 ad
565 2087 697 2142 nostram
721 2087 848 2143 aetatem
879 2088 1099 2161 pervenerunt,
1133 2084 1263 2144 sevirum
1287 2085 1439 2161 Augusta·

317 2183 387 2243 lium
410 2203 556 2260 nusquam
579 2185 816 2261 deprehenditur
839 2187 949 2245 mentio
973 2191 1094 2262 aperta,
1125 2204 1191 2245 cnm
1214 2192 1313 2247 tamen
1336 2186 1439 2247 inde

318 2288 457 2369 curiones
480 2289 517 2347 ab
540 2305 601 2347 una
623 2292 653 2347 et
675 2288 705 2347 in
729 2289 857 2365 collegia
885 2289 923 2347 ab
953 2289 1049 2374 altera
1071 2293 1157 2364 parte
1181 2291 1300 2365 saepius
1327 2289 1440 2351 incidat

318 2387 448 2461 oratio.¹)
493 2390 632 2450 Cet-erum
656 2392 864 2451 animadverto
888 2410 923 2451 co
946 2396 1098 2468 tempore,
1133 2410 1194 2468 quo
1217 2393 1266 2451 lex
1289 2392 1327 2452 de
1351 2393 1440 2452 eollo

318 2492 374 2569 giis
396 2493 571 2569 principalis
582 2490 605 2565 2)
630 2497 783 2570 nauseet,
812 2494 1022 2570 Augustalium
1046 2493 1180 2554 ordinem
1204 2498 1284 2554 certe
1307 2495 1440 2556 nondum

318 2594 419 2654 fuisse
462 2576 569 2671 Neque
592 2614 663 2656 vero
686 2596 800 2673 dubito,
823 2598 896 2673 quin
919 2598 1044 2673 posthac
1065 2598 1096 2655 in
1113 2598 1195 2673 leges
1212 2597 1440 2673 municipiorum

318 2696 356 2756 de
378 2698 585 2773 Augustalium
608 2701 774 2776 creatione,
803 2700 990 2775 muneribus,
1012 2699 1177 2775 insignibus
1199 2704 1254 2760 cet.
1277 2705 1440 2778 praecepta

317 2800 377 2859 sint
398 2800 520 2879 inserta,
541 2801 570 2860 id
593 2802 673 2877 quod
696 2800 822 2879 supra3)
845 2802 941 2862 fusius
963 2803 1119 2862 illustravi

776 2988 979 2995 ——-.—

693 3117 833 3221 caput
859 3120 1066 3204 alterum.

395 3275 451 3349 De
478 3275 637 3350 sevirum
663 3275 761 3372 Aug.
790 3277 929 3372 origine
956 3284 992 3350 et
1018 3285 1178 3373 tempore
1206 3278 1369 3373 originis.

839 3448 853 3510 s
872 3446 912 3497 ne.

517 3547 590 3614 erid
608 3547 643 3601 de
660 3546 713 3601 boo
732 3548 897 3616 quaestione
914 3547 1029 3616 priores
1048 3546 1241 3602 iudicaverint.

402 3658 556 3718 Postremo
586 3660 671 3736 loco,
703 3677 739 3717 ex
773 3678 833 3734 quo
863 3662 997 3734 tempore
1019 3658 1250 3734 Augustalitatis
1278 3659 1441 3734 primordia

318 3761 482 3837 repetenda
511 3768 626 3838 essent,
666 3780 711 3820 me
742 3761 946 3837 expositurum
976 3760 1105 3837 promisi.
1150 3761 1215 3819 Hae
1250 3765 1350 3820 autem
1372 3780 1440 3821 cum

318 3865 492 3940 quaestione
516 3864 662 3923 artissime
685 3864 859 3941 cohaerere,
882 3882 919 3922 ne
942 3863 1039 3922 dicam
1062 3878 1244 3939 congruere,
1268 3868 1371 3923 notum
1394 3867 1440 3925 est

406 4028 427 4093 ¹)
443 4024 600 4079 Secundum
626 4026 695 4080 haec
721 4025 886 4093 corrigenda
914 4031 989 4089 sunt,
1016 4039 1087 4093 quae
1117 4025 1152 4079 de
1177 4024 1229 4080 hac
1254 4039 1283 4080 rc
1297 4025 1442 4094 exposuit

317 4110 436 4181 Herzog.
454 4112 471 4165 l.
489 4112 506 4165 l.

403 4199 425 4260 2)
448 4196 519 4250 Dico
541 4197 630 4265 legem
653 4197 750 4250 Iuliam
776 4197 810 4250 de
833 4196 966 4263 collegiis,
992 4210 1062 4264 quae
1079 4195 1176 4250 nescio
1194 4211 1229 4248 nn
1248 4196 1322 4253 eirea
1338 4211 1363 4250 a.
1382 4203 1396 4250 'l
1415 4211 1439 4251 a

319 4281 382 4336 Chr.
406 4282 581 4350 promulgata
604 4283 642 4335 sit
660 4279 696 4336 of.
714 4282 844 4348 Hennen,
866 4281 934 4335 bull.
955 4285 1016 4334 1871
1037 4298 1063 4348 p.
1085 4284 1140 4334 149.
1181 4281 1271 4334 Etiam
1293 4282 1439 4336 macellum

319 4367 416 4420 Liviae
434 4368 530 4421 codem
548 4383 622 4422 anno
635 4367 791 4422 dedicatum
804 4373 855 4434 cst,
874 4367 910 4420 de
922 4368 1001 4421 cuius
1014 4367 1128 4420 notione
1142 4367 1197 4420 vid.
1210 4366 1328 4435 Nissen,
1346 4382 1439 4436 pomp.

318 4453 391 4507 stud.
409 4469 437 4520 p.
456 4455 512 4507 284.
726 4455 748 4520 ³)
765 4470 792 4521 p,
811 4456 852 4505 24.
871 4449 906 4506 cf.
926 4458 956 4506 67
977 4469 998 4507 s.
