3142 5138
1247 524 1266 581 b

141 691 349 769 adiungerent.
393 695 500 768 ltaque
523 695 694 769 saepissime
714 695 743 752 in
759 694 853 752 titulis
869 695 1062 754 inveniuntur
1077 696 1264 772 Augustales

142 813 194 855 seu
217 796 305 854 scviri
328 797 357 854 in
381 795 477 855 medio
500 797 590 872 positi
612 797 691 856 inter
712 796 890 857 decuriones
913 803 943 856 et
964 798 1082 874 plebem
1106 799 1154 859 vel
1177 799 1265 858 etiam

121 897 216 958 (ordo
246 898 456 975 Augustalium
484 917 550 957 cum
578 900 674 975 primo
703 899 809 958 ordine
839 902 1025 960 coniunctus.
1069 900 1147 961 Satis
1168 902 1265 962 habeo

141 1000 172 1058 in
201 1001 351 1074 praesenti
381 1002 418 1060 ad
442 1002 582 1060 tabellam
607 1003 812 1078 exemplorum
834 1003 871 1062 ab
894 1003 1014 1079 liggero
1038 1005 1231 1080 compositam
1243 1002 1265 1075 ¹)

142 1104 276 1178 legentes
310 1121 470 1180 revocare,
509 1123 576 1162 cum
608 1104 732 1180 longum
767 1106 805 1163 sit
839 1123 936 1181 neque
970 1106 1092 1164 multum
1125 1106 1266 1182 expediat

140 1210 283 1265 sexcenta
305 1224 382 1282 quae
403 1224 525 1282 possum
548 1224 752 1266 enumerare.-

674 1430 744 1502 §ss

205 1555 403 1610 Controversia
422 1572 495 1624 quac
514 1555 612 1623 eride
628 1555 790 1626 primordiis
807 1557 930 1611 sevirum
949 1556 1019 1627 Aup.
1039 1557 1200 1628 exponitur.

226 1702 265 1761 At
295 1700 444 1760 enimvero
467 1705 566 1760 utrum
589 1721 607 1760 a
628 1702 774 1777 principio
804 1702 931 1776 collegia
961 1702 1171 1777 Augustalium
1194 1704 1264 1780 plus
1297 1696 1436 1776 Quomodo

140 1805 274 1864 minusve
304 1803 476 1880 frequentia
503 1804 563 1863 sint
593 1804 754 1864 constituta
777 1822 843 1862 cum
866 1803 1088 1879 magistrattibus
1103 1808 1134 1864 et
1148 1806 1263 1882 reliquo
1282 1773 1452 1883 „2‡‡,²{{,t¹{'x‚

140 1925 227 1984 quem
253 1907 388 1966 novimus
411 1907 606 1982 collegiorum
629 1909 791 1985 apparatu,
822 1926 860 1965 an
889 1907 985 1983 primo
1015 1926 1074 1967 uon
1098 1908 1264 1968 exstiterint
1298 1902 1439 1965 primenda.

139 2011 196 2070 nisi
223 2010 323 2069 nescio
347 2013 420 2084 quot
450 2010 623 2071 sacerdotes
646 2009 751 2085 annui,
774 2027 810 2067 ox
833 2008 941 2084 quibus
963 2009 1118 2085 paullatim
1141 2010 1267 2087 collegia

101 2102 103 2106 ’
140 2131 263 2189 quoquo
286 2111 374 2171 modo
398 2111 574 2187 evaderent,
596 2111 672 2171 haec
695 2129 804 2187 magna
826 2110 882 2170 fuit
904 2112 987 2198 interl
1003 2112 1138 2171 homines
1160 2111 1266 2172 doctos

140 2215 353 2274 controversia.
397 2214 466 2273 Non
490 2232 551 2289 quo
575 2214 621 2272 his
643 2214 744 2273 verbis
767 2213 830 2272 fere
854 2214 892 2272 sit
914 2231 1058 2289 expressa
1077 2214 1126 2273 vel
1140 2213 1171 2273 in
1187 2215 1265 2274 hanc

138 2319 233 2392 ipsam
248 2316 378 2376 formam.
389 2317 545 2392 hucusque
561 2317 685 2376 redacta
700 2335 748 2376 res
764 2320 970 2393 controversa3
994 2317 1046 2377 sed
1063 2336 1128 2377 cum
1144 2319 1265 2378 omuino

139 2423 242 2479 notum
258 2423 310 2494 est,
326 2422 513 2495 quantopere
528 2419 647 2478 intersit
661 2419 699 2477 ad
715 2422 795 2478 recte
811 2418 1065 2497 respondendum,
1081 2423 1114 2478 ut
1129 2420 1265 2497 quaestio

138 2526 220 2581 reete
241 2524 436 2598 proponatur,
458 2526 521 2580 tum
544 2540 614 2581 mox
636 2522 803 2599 apparebit,
824 2523 853 2581 in
879 2523 935 2581 hac
956 2523 1023 2597 ipsa
1046 2540 1154 2582 caussa
1170 2541 1264 2599 quan-

138 2627 200 2683 tum
222 2625 369 2702 nocuerit,
393 2624 473 2699 quod
496 2624 540 2701 id,
563 2623 601 2683 de
624 2643 684 2700 quo
706 2625 868 2699 agebatur,
897 2643 956 2684 non
979 2625 1052 2685 satis
1074 2630 1163 2685 acute
1187 2643 1263 2685 com·

137 2728 319 2803 prehensum
335 2730 364 2785 et
379 2727 607 2803 pronuntiatum
630 2733 704 2786 erat.
747 2727 871 2800 Quare
894 2726 951 2786 hoc
974 2727 1038 2787 loco
1062 2728 1200 2804 protinus
1223 2728 1266 2786 ita

138 2834 172 2890 ut
193 2829 282 2889 debet
304 2829 510 2904 quaestionem
534 2829 757 2906 exprimendam
780 2847 846 2889 esse
869 2832 955 2888 ratus
977 2848 1051 2888 sum.

222 2932 264 2991 At
284 2949 356 2991 sane
379 2931 459 2991 redit
480 2932 534 2991 illa
562 2930 749 2991 adulteram
780 2932 830 2991 vel
864 2932 990 2991 maxime
1021 2931 1121 2991 adhuc
1150 2931 1264 2991 aviris
1283 2925 1452 3020 'Differunine

139 3034 234 3094 doctis
263 3034 421 3110 agitatam,
454 3053 518 3092 eam
550 3034 635 3112 dico,
661 3033 806 3110 numquid
835 3035 952 3093 intersit
984 3035 1063 3095 inter
1092 3033 1206 3094 seviros
1234 3036 1264 3093 et
1281 3018 1453 3126 ffi‘gelffi]

139 3137 333 3213 Augustales,
361 3154 438 3212 quae
462 3136 521 3196 duo
545 3133 698 3207 nomina2)
731 3137 777 3195 his
808 3136 845 3196 de
876 3136 985 3212 quibus
1014 3135 1115 3213 agitur
1135 3135 1265 3212 Augusti
1306 3146 1436 3209 gustares?
1504 3147 1514 3204 ζ

139 3239 304 3299 cultoribus
333 3239 364 3297 iu
387 3239 482 3298 titulis
510 3238 573 3299 fers
603 3239 791 3317 tribuuntur,
821 3242 851 3297 et
882 3257 1030 3315 quaenam
1060 3238 1266 3298 intercesserit

139 3342 272 3417 utrisque
299 3341 500 3401 necessitudo.
532 3343 671 3416 Namque
687 3342 825 3418 Eggerus
841 3340 1097 3417 etMarquardtus
1113 3341 1261 3417 Augusta·
1280 3351 1452 3414 Egger-Mar-
1479 3373 1482 3377 -

140 3446 182 3504 les
204 3443 326 3503 eosdem
349 3461 414 3503 esse
438 3445 494 3502 rati
518 3462 553 3503 ac
576 3428 735 3520 magistros
757 3444 870 3503 Larum
893 3444 1098 3519 Augustorum
1122 3461 1159 3501 ex
1181 3443 1261 3502 vico·
1315 3419 1416 3484 qnardt.

139 3547 348 3623 magistrorum
385 3545 567 3605 urbanorum
599 3546 779 3622 imitatione,
816 3548 849 3605 ut
882 3545 1082 3622 arbitrantur,
1119 3547 1202 3605 ortos
1223 3569 1267 3585 ·-

138 3649 293 3725 Eggerns,
324 3649 463 3724 inquam,
494 3666 529 3707 ac
552 3648 766 3725 llarquardtus
798 3647 913 3709 seviros
947 3652 977 3707 et
998 3647 1183 3723 Augustales
1210 3647 1266 3706 nisi

139 3751 258 3810 nomine
286 3751 364 3814 inter
387 3768 419 3808 se
449 3750 571 3810 differre
593 3756 722 3827 negant;
759 3751 847 3809 immo
881 3749 992 3825 ubique
1015 3767 1068 3809 sex
1091 3747 1265 3809 sacerdotes

138 3853 269 3929 Augusti
308 3853 402 3929 primo
440 3853 593 3913 institutos
631 3871 715 3929 esse,
756 3853 806 3911 hic
843 3853 992 3913 sexvirum
1036 3852 1086 3910 vel
1115 3851 1266 3911 sexvirum

138 3955 360 4033 Augustalium,
382 3955 444 4014 illic
466 3955 679 4031 Augustalium
701 3955 819 4014 nomine
842 3954 979 4014 denotari
1001 3953 1121 4031 solitos,
1152 3970 1264 4029 eosque

140 4075 261 4116 munere
296 4076 398 4116 annuo
427 4056 564 4135 iunctos,
598 4057 654 4116 nisi
686 4056 725 4116 ad
756 4057 886 4116 honores
914 4056 1110 4133 municipales
1139 4057 1266 4132 posthae

139 4158 335 4236 accederent,
368 4159 504 4219 ordinem
537 4159 748 4236 Augustalium
784 4158 907 4236 fecisse,
944 4176 996 4218 seu
1034 4158 1178 4218 sevirales
1211 4175 1263 4217 seu

213 4325 235 4367 .¹
264 4319 277 4373 I
298 4324 384 4375 384s.

223 4323 247 4472 ²}
263 4362 396 4471 Q'uaestio
414 4421 479 4460 num
497 4406 580 4460 etiam
599 4405 732 4460 differant
750 4404 835 4459 seviri
853 4410 881 4458 et
899 4403 983 4458 seviri
994 4400 1173 4472 Augustales
1190 4401 1264 4457 infra
1360 4412 1363 4416 ’

138 4490 312 4545 mactabitur.
348 4491 407 4545 Hoc
424 4491 485 4545 loco
503 4506 563 4546 eam
581 4491 689 4546 omitto.
