3142 5138
339 376 379 435 32

341 564 445 624 posse:
468 551 520 607 aut
541 548 619 607 enirn
641 548 677 607 T.
692 547 807 608 Vellius
829 548 974 624 parvulus
996 548 1128 607 Parentii
1149 548 1180 606 in
1202 546 1336 607 ordinem
1357 547 1460 623 Augu·

335 649 457 709 stalium
473 653 623 728 receptus,
646 649 754 710 deinde
770 649 919 709 domicilio
935 653 1048 710 mutato
1063 631 1220 726 Aquileiae
1236 649 1338 709 servir
1352 648 1460 725 faetus,
1497 698 1503 710 Ι

336 754 488 827 postremo
527 770 595 811 cnm
632 754 776 811 Emonam
813 753 1057 828 transmigrasset
1100 752 1141 810 ibi
1185 769 1290 811 rursus
1326 751 1459 811 seviratn

335 851 458 913 functus
480 852 512 912 in
535 854 669 914 ordinem
691 855 818 931 transiit,
840 859 892 914 ant
907 856 933 914 ei
949 858 1046 915 aetate
1060 855 1249 932 provectiore
1272 857 1305 912 ut
1319 871 1338 912 a
1352 854 1458 914 Veien-

130 968 324 1017 Absentesraro
337 955 417 1014 tibus
440 956 471 1016 G.
493 956 568 1016 Iulio
591 956 690 1018 Geloti
718 958 760 1017 sic
783 976 801 1016 a
823 958 1005 1031 Ferentinis,
1036 956 1116 1034 quod
1146 956 1184 1016 de
1214 974 1316 1016 eorum
1340 956 1459 1015 civitate

77 1068 79 1075 ’
153 1037 312 1153 Auffiales
336 1056 413 1116 bene
436 1057 603 1134 meruisset,
624 1060 738 1120 absenti
755 1060 960 1136 Augustalitas
982 1059 1103 1120 decreta
1125 1064 1179 1120 est.
1222 1060 1303 1136 Ergo
1326 1060 1360 1119 ut
1381 1075 1459 1118 snm·

260 1143 265 1154 ’
335 1177 412 1218 mam
434 1158 541 1219 faciam
564 1161 797 1238 deliberationis,
818 1164 908 1238 pauci
930 1165 1045 1228 tautum
1068 1163 1169 1240 eique,
1200 1161 1309 1239 quibus
1331 1164 1384 1220 ant
1405 1178 1460 1236 per

333 1264 461 1322 aetatem
484 1267 537 1323 aut
558 1263 639 1339 quod
663 1263 800 1323 absentas
823 1270 909 1324 erant
931 1264 1092 1324 seviratnm
1118 1282 1225 1340 gerere
1255 1283 1316 1323 uon
1341 1261 1460 1352 licebat,

334 1363 456 1423 honoris
494 1383 602 1426 caussa
632 1367 770 1444 protinus
800 1366 984 1443 Augustales
1015 1367 1206 1427 creabantur.
1256 1367 1333 1426 Nam
1369 1382 1459 1441 quem
1498 1412 1501 1417 ,

333 1471 522 1541 praesentem
544 1467 756 1545 Augustalium
783 1468 897 1529 iuribus
921 1469 1059 1529 donare
1087 1469 1263 1546 cupiebant,
1287 1469 1329 1544 ei,
1358 1468 1461 1543 siper

334 1570 463 1627 aetatem
485 1570 602 1647 licebat,
625 1572 788 1631 seviratnm
811 1572 942 1648 gratuito
966 1571 1083 1649 deferre
1106 1573 1227 1632 solitum
1249 1575 1321 1630 erat

170 1682 300 1732 Seviratus
419 1673 579 1734 Enimvero
608 1692 715 1749 parurn
748 1675 903 1752 perspexit
932 1675 1066 1734 Petronii
1096 1673 1287 1734 festivitatem
1315 1661 1461 1747 Eggerus',

140 1751 324 1869 {2¹33}in
337 1773 518 1849 quinetiam
542 1794 579 1836 ne
603 1777 696 1837 verba
718 1777 837 1854 quidem
859 1778 932 1837 satis
953 1781 1094 1837 accurate
1115 1777 1198 1854 legit,
1220 1777 1272 1853 qui
1294 1793 1332 1834 ex
1348 1771 1460 1848 magni·

187 1897 279 1939 cretus.
326 1875 438 1954 loquo,
460 1878 543 1954 qnod
564 1880 616 1940 ille
631 1880 883 1940 Trimalchionem
905 1880 1096 1957 semtipsum
1118 1880 1174 1940 sibi
1190 1880 1417 1954 componentem
1428 1871 1461 1951 ¹),

334 1977 486 2054 epitaphio
509 1983 705 2042 concluserit:
751 1983 830 2052 „Les
853 1984 1006 2042 honneurs
1029 1981 1071 2050 du
1093 1977 1208 2041 reuirat
1228 1974 1461 2042 u'entrainaient

334 2097 389 2154 pas
412 2079 596 2160 l’obligation
612 2085 656 2143 de
679 2087 822 2160 presence
854 2085 928 2144 dans
958 2086 986 2144 le
1009 2086 1158 2161 municipe
1187 2086 1225 2145 od
1249 2103 1288 2144 on
1310 2084 1356 2144 les
1379 2079 1461 2140 avait

334 2177 481 2260 reons.“²)
525 2186 707 2246 Trimalchio
730 2207 790 2247 non
806 2187 879 2248 dicit
902 2187 1065 2248 seviratum
1088 2205 1122 2248 se
1143 2188 1297 2248 absentem
1319 2184 1461 2273 gessisse,

335 2288 389 2348 sed
411 2288 568 2349 dumtaxat
589 2289 644 2349 sibi
667 2289 783 2349 absenti
806 2289 959 2350 decretum
983 2308 1058 2352 esse.
1101 2291 1217 2367 Nempe
1239 2308 1324 2367 casu,
1346 2288 1460 2367 opinor,

335 2391 459 2470 accidit,
480 2395 513 2451 nt
536 2411 571 2452 eo
593 2393 659 2468 ipso
681 2393 744 2470 die,
775 2411 835 2469 quo
864 2392 903 2452 de
925 2393 1031 2453 seviris
1054 2392 1192 2453 creandis
1219 2392 1258 2451 ad
1280 2391 1459 2452 decuriones

334 2493 534 2573 referebatur,
556 2495 740 2555 Trimalchio
763 2495 812 2554 vel
835 2496 947 2571 negotii
969 2512 1077 2555 caussa
1098 2494 1147 2554 vel
1168 2495 1257 2555 etiam
1279 2492 1459 2554 ambulando

336 2596 424 2658 domo
448 2598 572 2658 abesset.
617 2598 656 2657 At
678 2597 709 2656 id
731 2599 828 2675 ipsum
851 2597 879 2658 ei
894 2599 1012 2658 suffecit
1026 2598 1177 2676 nebuloni,
1199 2601 1232 2658 nt
1247 2597 1459 2658 cumansare
1562 2650 1570 2658 .

335 2718 367 2759 sc
390 2704 593 2778 compararet,
615 2701 728 2777 quippe
751 2701 816 2778 cni,
845 2704 879 2759 ut
900 2701 1088 2760 consulatum
1110 2701 1219 2760 absens
1241 2704 1374 2776 peteret,
1407 2701 1459 2759 uni
1520 2726 1522 2731 ·
1552 2720 1555 2725 ·

335 2804 464 2880 populus
487 2807 591 2862 contra
618 2802 715 2879 legem
736 2803 929 2879 permisisset.
974 2803 1119 2862 Nimirum
1151 2802 1252 2862 orbem
1276 2805 1395 2880 oportet
1417 2802 1457 2860 la·

335 2905 406 2966 bare
430 2909 519 2982 atque
543 2891 696 2982 conlundi,
718 2924 784 2965 cum
807 2904 1046 2966 Trimalchiones
1067 2905 1142 2966 finnt
1163 2901 1305 2977 sevirii³)

420 3009 503 3067 Haec
533 3007 570 3068 de
599 3009 728 3067 sevirum
758 3006 938 3068 condicione·
962 3009 993 3067 in
1023 3009 1066 3068 eis
1095 3007 1283 3084 regionibus,
1314 3007 1365 3067 nbi
1393 3005 1458 3067 fere

335 3111 391 3170 soli
412 3110 621 3187 reperiuntur,
651 3109 682 3168 in
711 3111 884 3170 universnm
915 3110 988 3170 satis
1018 3113 1101 3186 suut.
1143 3111 1222 3170 Nam
1249 3106 1458 3186 singula'per·

323 3213 456 3273 'lustrari
478 3231 539 3271 non
562 3216 608 3272 est
631 3213 719 3271 huius
742 3211 809 3272 loci.
854 3211 969 3285 Quodsi
991 3212 1097 3290 paucis
1118 3213 1229 3290 verbis,
1250 3229 1329 3289 quae
1350 3212 1458 3272 hucus-

336 3334 395 3392 que
418 3315 646 3392 disputavimus,
675 3315 745 3374 licet
767 3315 935 3392 complecti:
971 3317 1036 3374 tota
1057 3315 1265 3392 Augustalibus
1287 3333 1305 3372 a
1328 3315 1456 3374 sexviria

334 3418 443 3477 annuis
458 3417 589 3495 Augusti
611 3417 817 3478 sacerdotibus
839 3435 947 3478 exorsa
963 3422 1014 3478 est
1057 3418 1187 3477 Primum
1209 3417 1324 3494 paucis,
1345 3417 1458 3476 seilicet

336 3520 530 3580 meritissimis
552 3538 669 3595 eorum,
691 3519 822 3580 sevirum
845 3521 912 3580 iura
940 3521 1022 3580 ultra
1045 3520 1175 3579 muneris
1197 3537 1307 3581 annum
1329 3537 1348 3578 a
1369 3518 1458 3578 decu·

335 3622 470 3682 rionibus
485 3626 653 3699 propagata
668 3627 745 3682 sunt.
789 3622 848 3696 Qui
863 3624 895 3705 in
910 3621 1056 3698 Hispania
1079 3619 1237 3693 (Sardinia)
1259 3622 1376 3681 sexor'rir'
1385 3637 1459 3696 per·

332 3725 426 3800 petat,
457 3721 492 3784 in'
509 3724 608 3785 Gallia
639 3724 791 3802 Cisalpina
819 3725 969 3784 Dalmatia
1001 3729 1057 3784 cet.
1088 3725 1178 3784 neutri
1204 3729 1239 3783 'et
1268 3724 1458 3799 Augustales

237 3833 240 3836 '
337 3828 436 3886 vocati
466 3831 544 3886 snut
593 3827 664 3886 Mox
698 3826 737 3887 ad
771 3845 872 3888 omnes
904 3827 1018 3887 seviros
1048 3826 1097 3886 hic
1123 3844 1197 3887 usus
1222 3827 1362 3887 manavit.
1412 3826 1460 3885 lta

423 4076 443 4140 ¹)
461 4089 484 4128 u.
504 4079 544 4127 71.
715 4077 738 4140 2)
757 4090 784 4143 p.
797 4078 846 4128 397
865 4074 901 4128 cf.
919 4075 1009 4129 Boias.
1027 4092 1054 4144 p.
1075 4078 1131 4129 177.

421 4161 445 4225 ³)
463 4159 498 4213 ef.
513 4159 678 4228 Mommsen,
701 4159 799 4215 Statsr.
819 4162 844 4229 I,
862 4165 912 4214 485
923 4176 945 4214 s.
969 4165 998 4215 et
1014 4161 1130 4216 Hermes
1147 4160 1217 4214 XIII
1234 4179 1266 4235 p,
1277 4164 1324 4216 118
1342 4177 1364 4215 s.
1403 4159 1459 4225 Sed

339 4244 437 4313 potius
462 4261 524 4300 cum
548 4246 668 4311 Caesare
692 4260 774 4314 quam
797 4262 860 4300 cum
886 4247 972 4301 Mario
995 4245 1225 4301 Trimalchionem
1243 4261 1273 4302 se
1301 4261 1460 4316 comparare

201 4376 207 4392 ,
337 4331 485 4386 Petronius
502 4331 568 4386 mibi
586 4334 699 4389 videtur
715 4333 847 4389 voluisse.
