3142 5138
323 371 363 432 24

129 543 232 590 Nomen
246 541 312 589 sevir
409 547 472 606 lam
494 547 596 607 eadem
618 548 734 607 ratione
756 531 864 606 nomen
886 546 977 606 seviro·
991 550 1021 605 et
1035 546 1211 623 Augustalis
1234 547 1446 625 explicandum

136 616 161 658 et
174 610 244 672 Aug.
264 625 305 656 ex-

163 677 283 742 plicatur.

326 666 390 709 esse
413 649 481 726 quis
504 651 629 727 estqui
660 668 720 724 non
748 649 872 710 videat?
917 648 983 722 Quo
1020 649 1086 710 loco
1114 651 1292 711 monendum
1324 656 1383 728 est,
1415 651 1446 713 in

322 751 467 828 Hispania
498 751 541 820 (et
569 749 736 829 Sardinia),
765 752 816 812 ubi
845 751 989 811 babemus
1021 754 1137 812 saviros
1163 752 1240 827 Aup.
1266 756 1445 827 perpetuos,

322 851 400 931 illud
422 865 530 915 nomen
552 873 715 932 numquam
737 857 913 930 usurpatum
936 872 1011 932 esse,
1033 858 1141 914 eontra
1162 856 1192 914 in
1208 856 1249 915 eis
1264 854 1447 934 regionibus,

322 956 373 1016 ubi
402 946 517 1017 sexoirt
547 962 576 1016 et
598 958 674 1032 Aup.
704 957 875 1034 abundant,
912 959 1028 1016 saviros
1050 957 1127 1032 Aug.
1145 963 1311 1032 perpetuos
1340 957 1445 1035 depre-

322 1058 413 1119 hendi
442 1060 548 1120 nullos.
591 1059 680 1134 Quod
713 1061 756 1119 uti
788 1060 940 1119 concurrit
969 1058 1008 1119 ad
1037 1060 1292 1137 comprobandum
1324 1062 1445 1138 utrique

322 1162 434 1223 nomini
471 1161 534 1222 iere
573 1161 698 1222 eandem
738 1162 901 1222 sublestam
945 1161 1038 1222 fuisse
1082 1163 1252 1239 notionem,
1294 1163 1336 1222 ita
1375 1162 1446 1224 inde

322 1264 408 1325 simul
437 1264 624 1325 manifestum
647 1268 692 1325 est
724 1264 832 1324 horum
862 1264 1014 1324 nominum
1044 1264 1227 1324 diversitatis
1258 1282 1396 1325 caussam
1428 1285 1446 1326 a

323 1366 507 1427 diversarum
528 1367 752 1443 provinciarum
776 1365 992 1426 consuetudine
1008 1367 1201 1443 repetendam
1217 1384 1293 1427 esse.
1328 1369 1446 1444 Nempe

322 1471 352 1530 in
375 1469 473 1529 Gallia
496 1469 663 1547 Cisalpina,
685 1469 842 1546 Dalmatia,
864 1469 1022 1528 Pannonia
1045 1471 1100 1529 eet.
1122 1470 1165 1547 ei,
1188 1470 1295 1547 quibus
1317 1471 1446 1546 primum

323 1571 501 1632 decuriones
523 1573 654 1632 seviratn
677 1571 826 1633 defunctis
848 1572 979 1632 honores
1002 1572 1185 1633 seviralioios
1211 1564 1242 1631 in
1265 1577 1446 1651 perpetuum

322 1673 538 1753 deereverunt,
570 1674 609 1734 ad
635 1674 665 1734 id
687 1674 880 1736 indicandum
903 1675 995 1734 verba
1018 1679 1049 1734 et
1074 1674 1253 1749 Augustalis
1281 1675 1331 1734 vel
1357 1676 1445 1735 etiam

270 1794 272 1800 ·
322 1776 487 1837 solemnius
514 1781 543 1836 et
565 1777 594 1835 d.
615 1778 647 1837 d.
664 1777 741 1852 Aug.
772 1778 859 1837 titulo
893 1795 948 1837 sno
978 1774 1188 1849 adieceruntli
1241 1777 1341 1854 Atque
1370 1777 1446 1838 haee

135 2089 206 2152 Aug.
217 2104 238 2138 c.
246 2089 303 2138 d.d.

322 1879 485 1957 appellatio
511 1880 602 1939 semel
624 1898 680 1939 usu
708 1883 831 1956 recepta
853 1879 981 1940 fortasse
997 1878 1142 1956 usurpari
1165 1898 1226 1938 non
1241 1879 1330 1954 plane
1352 1880 1446 1955 desiit,

321 1983 410 2041 etiam
432 1999 500 2071 eum
522 2000 626 2042 omnes
643 1982 738 2043 'seviri
761 1999 887 2042 munere
902 1986 1024 2059 peraeto
1040 1983 1071 2040 in
1087 1981 1221 2041 ordinem
1235 1982 1446 2059 Augustalium

323 2084 454 2144 solerent
475 2086 610 2144 transire.
655 2085 742 2146 (terte
764 2086 841 2144 enim
864 2085 1032 2162 posteriore
1063 2087 1162 2145 aetate
1184 2085 1300 2161 legibus
1323 2085 1444 2146 muniui-

320 2187 452 2263 piorum,
481 2189 515 2246 ut
545 2206 612 2247 mea
640 2186 698 2246 fert
720 2186 838 2264 opinio,
861 2187 1008 2246 adieetnm
1037 2191 1081 2247 est
1104 2190 1196 2264 eaput
1222 2187 1253 2245 in
1277 2187 1357 2247 huno
1380 2187 1444 2248 fero
1508 2205 1514 2211 ·

321 2288 441 2349 modum
464 2289 669 2367 compositum,
691 2291 751 2368 „nti
767 2290 797 2349 II
818 2291 866 2349 vir
888 2289 993 2349 aedibs
1016 2289 1186 2366 praefectus
1201 2289 1292 2349 huius
1307 2291 1444 2351 coloniae

321 2391 500 2469 municipive
522 2393 697 2475 quiounque
717 2392 839 2453 futurus
861 2398 955 2471 esset,
986 2393 1147 2470 quotannis
1169 2396 1304 2469 tempore
1337 2394 1443 2454 eonsti-

223 2568 226 2574 ,
321 2496 386 2555 tuto
410 2494 586 2556 deeuriones
609 2499 731 2570 cogeret
763 2499 792 2555 et
822 2514 888 2555 oum
920 2495 997 2555 duae
1026 2498 1127 2573 partes
1158 2495 1352 2555 deeurionnm
1383 2515 1443 2557 non

323 2598 419 2657 minus
449 2597 589 2657 adessent
616 2597 653 2657 de
677 2598 893 2674 Augustalibus
923 2590 1076 2659 referret.“
1118 2598 1196 2657 'I'um
1225 2602 1299 2674 puto
1327 2598 1445 2658 saviros

321 2700 392 2759 anni
414 2700 612 2777 praeterlapsi
633 2700 695 2760 rite·
709 2700 890 2776 depostulet
912 2704 1029 2761 oreatos
1052 2704 1142 2777 atque
1161 2699 1291 2777 insignia
1305 2701 1445 2761 seviralia
1487 2735 1489 2738 >

321 2801 352 2860 in
375 2805 552 2880 perpetuum
576 2803 618 2862 eis
641 2802 763 2883 decreta
785 2820 859 2863 esse.
903 2803 955 2862 Eis
977 2806 1091 2878 autem,
1120 2803 1171 2879 qui
1193 2802 1369 2864 liberalitate
1392 2804 1444 2864 im-

313 2905 423 2980 primis
445 2922 477 2964 se
499 2906 722 2983 praetulerant,
744 2904 872 2965 honores
894 2906 1078 2983 singulares,
1099 2909 1172 2982 puta
1194 2910 1371 2965 ornamenta
1393 2906 1443 2967 de·

323 3007 487 3067 ourionalia
508 3008 557 3066 vel
578 3007 731 3085 aedilicia,
764 3009 814 3066 vel
845 3008 995 3068 bisellium
1025 3009 1076 3068 vel
1102 3008 1245 3068 honorem
1268 3008 1443 3090 Augustalis

219 3176 220 3179 Ἴ
322 3110 410 3185 primi
432 3112 504 3169 tune
526 3110 652 3169 maxime
681 3109 870 3170 addiderunt.
929 3109 996 3184 Quo
1032 3110 1063 3171 in
1094 3111 1214 3187 negotio
1244 3128 1311 3170 oum
1341 3110 1470 3172 formis·

322 3212 482 3288 verbisque
504 3213 686 3273 solemnibus
707 3214 813 3290 prooul
836 3212 926 3273 dubio
949 3217 1118 3290 uterentur,
1140 3212 1229 3274 faeile
1251 3213 1443 3292 eomprehen-

322 3313 435 3392 dimus,
472 3314 622 3390 quomodo
659 3317 745 3376 etiam
776 3317 898 3375 invita
929 3316 1076 3376 eommuni
1100 3316 1237 3392 quamvis
1266 3334 1300 3376 re
1331 3320 1445 3378 mutata

235 3498 238 3503 ·
321 3493 519 3564 sprsvnegj
546 3471 717 3549 risersa'ts
742 3494 773 3548 as
791 3495 928 3549 flamini
946 3494 1138 3564 perpetuis
1174 3491 1217 3549 At
1241 3509 1293 3562 ego
1311 3482 1444 3548 nos'roco

322 3579 447 3649 praecise
471 3579 538 3633 duxi
563 3579 765 3647 definiendum,
788 3579 878 3648 primo
902 3580 1010 3635 'saviros
1024 3583 1181 3650 perpetuos
1204 3579 1280 3632 solos
1298 3579 1446 3648 privilegia

322 3665 461 3720 seviratus
485 3665 558 3718 ultra
580 3665 703 3718 muneris
726 3663 989 3741 administrationem
1014 3663 1179 3732 retinuisse,
1208 3668 1308 3731 postea
1333 3664 1458 3719 omnino·

322 3749 450 3804 omnibus
474 3749 575 3805 sostris
598 3749 747 3818 privilegia
770 3747 860 3804 fuisse
878 3764 1026 3816 oonoessa,
1037 3760 1110 3816 'ergo
1127 3749 1210 3802 istam
1227 3749 1444 3818 perpetuitatem

323 3850 456 3904 expresse
474 3835 643 3889 adtributam
662 3840 795 3889 mutatam
814 3849 879 3899 esse¹
893 3834 922 3887 in
935 3833 1066 3888 bonorem
1092 3834 1320 3888 soliusnominis.
1357 3833 1445 3890 Aeee·
1547 3861 1549 3867 ·

323 3921 365 3975 dit
382 3920 458 3989 quod
477 3919 536 3973 dixi
554 3934 614 3974 eam
633 3918 752 3974 fortasse
771 3934 907 3974 nonesss
925 3919 1063 3974 decretam
1082 3919 1137 3974 nisi
1154 3924 1246 3974 aetate
1264 3918 1430 3987 antiquiore.

410 4009 431 4074 ι)
449 4004 495 4059 Sio
506 4005 592 4073 igitur
603 4004 800 4074 explicandum
814 4010 865 4073 est,
884 4005 959 4073 quod
976 4004 1047 4058 illud
1065 4002 1091 4058 d.
1105 4003 1131 4057 d.
1149 4018 1206 4057 non
1223 4005 1307 4060 sasiri
1323 4005 1374 4059 sod
1392 4005 1445 4060 soli

322 4090 485 4162 Aspastob‘s
508 4090 612 4144 nomini
635 4105 833 4158 nonnunquam
858 4104 992 4158 expresse
1017 4089 1156 4144 adieetum
1182 4094 1244 4144 est..
1268 4087 1316 4158 (os,
1337 4089 1370 4158 V,
1394 4093 1444 4144 832

322 4182 351 4230 et
372 4177 530 4230 Mommsen.
554 4175 640 4244 prael.
664 4176 703 4231 ad
725 4177 768 4229 tit.
782 4172 968 4243 ”Aquileiena
994 4205 1027 4214 -
1050 4174 1106 4230 vid.
1131 4189 1217 4244 snpra
1239 4191 1266 4243 p.
1283 4178 1312 4226 21
1337 4179 1396 4229 not.
1409 4178 1444 4242 2)

322 4261 360 4317 Ut
371 4265 463 4315 autem
476 4261 562 4316 seviri
579 4276 596 4314 a
613 4260 812 4316 decurionibus
827 4259 934 4329 fierent,
952 4276 1012 4314 mos
1024 4259 1178 4314 eommunis
1191 4264 1251 4314 erat
1265 4264 1294 4314 et
1311 4259 1346 4314 ab
1363 4259 1444 4313 initio

322 4346 498 4402 exercitatus.
