3142 5138
249 513 288 573 10

247 685 358 763 oppida
379 686 509 763 regionis
531 705 641 766 uenae,
663 692 726 748 tum
748 687 900 748 Samnium
922 692 953 747 et
975 689 1125 749 nonnulla·
1143 687 1256 766 oppida
1274 690 1366 762 ,Osm-

246 790 363 865 pauiae
405 791 512 867 Neque
533 792 622 850 etiam
646 791 768 851 Umbria
797 792 917 850 Etruria
945 791 1087 850 Picenum
1109 791 1229 850 Latium
1252 794 1366 868 quomi-

247 909 304 950 nus
327 892 393 972 hoc,
407 910 530 953 numero
553 893 720 953 habeantur
751 892 943 953 intercedam.
987 892 1046 953 Sed
1076 892 1182 953 harum
1212 895 1366 970 regionum

222 994 338 1071 tituli,
369 995 400 1054 in
423 995 533 1071 quibus
546 996 667 1073 singuli
688 996 824 1055 homiues
846 994 1029 1072 Augustales
1056 996 1265 1075 appellentur,
1297 1001 1368 1057 sunt

192 1141 195 1146 -
246 1097 371 1181 perrari.
414 1098 491 1157 Nam
513 1098 590 1157 inter
612 1098 733 1176 oppida,
755 1116 833 1174 quae
856 1099 941 1174 quasi
973 1086 1032 1157 huc
1054 1102 1227 1175 spectarent
1249 1117 1367 1177 compo·

247 1199 307 1257 suit
328 1199 489 1258 Henaeuus
512 1218 540 1275 p.
564 1203 634 1276 213,
666 1200 730 1276 ipse
752 1199 870 1260 addidit
891 1200 1045 1276 complura
1067 1217 1146 1278 esse,
1167 1218 1295 1276 quorum
1317 1201 1368 1261 ad-

180 1304 182 1307 ’
248 1301 306 1360 huc
337 1318 397 1360 uon
428 1305 528 1361 essent
550 1301 612 1361 noti
641 1302 697 1361 uisi
727 1302 910 1379 Augustales
939 1303 1021 1362 ordo.
1077 1303 1118 1363 At
1146 1303 1281 1364 ordinem
1311 1306 1368 1365 hoc

247 1403 366 1463 nomine
389 1403 551 1481 significari
574 1405 707 1481 potuisse
739 1405 770 1464 in
802 1407 844 1465 eis
876 1422 997 1481 quoque
1016 1404 1154 1483 oppidis,
1188 1406 1238 1466 ubi
1260 1407 1369 1484 singuli

247 1505 382 1565 homines
411 1509 527 1566 tantum
557 1507 645 1566 seviri
667 1506 745 1582 Aug,
767 1507 977 1585 appellantur,
1007 1507 1083 1567 idem
1106 1509 1269 1568 Hennenus
1299 1528 1368 1570 oon·
1453 1580 1456 1588 ,

240 1590 369 1679 cessim)
413 1610 625 1668 Verumtamen
648 1610 767 1669 omnino
790 1610 999 1686 Augustalium
1021 1611 1098 1670 tituli
1127 1629 1164 1670 ex
1187 1613 1251 1671 istis
1272 1612 1368 1689 regio·

247 1698 335 1770 nibus
357 1728 453 1787 usque
474 1710 513 1770 ad
535 1712 617 1771 hunc
638 1712 715 1771 diem
745 1715 805 1771 tam
829 1712 912 1772 multi
936 1732 997 1772 non
1019 1717 1091 1773 sunt
1114 1714 1192 1791 noti,
1211 1717 1257 1773 'ut
1278 1716 1370 1790 plena

247 1813 426 1874 certitudine
449 1815 497 1873 hic
512 1814 665 1891 'possimus
686 1814 827 1874 iudicium
855 1814 964 1874 facere.
1008 1816 1062 1874 His
1091 1834 1248 1876 recensum
1271 1835 1368 1877 meum

247 1916 414 1977 absolutum
439 1918 525 1977 volo:
555 1918 728 1995 quicunque
750 1918 868 1994 singula
890 1919 1061 1978 accuratius
1082 1918 1157 1999 velit
1179 1935 1369 1995 cognoscere,

246 2019 335 2078 adeat
357 2020 405 2078 vel
426 2038 506 2081 nuuc
527 2020 578 2079 vel
609 2021 641 2078 in
663 2025 815 2098 posterum
839 2021 973 2098 corporis
995 2021 1223 2098 inscriptionum
1246 2021 1369 2099 indices,
1468 2054 1470 2060 s

151 2113 182 2167 ’-
247 2121 299 2197 qui
320 2121 480 2198 diligenter
502 2122 551 2182 vel
573 2125 644 2182 sunt
665 2123 839 2183 concinnati
869 2123 918 2182 vel
933 2123 1075 2199 *posthac
1098 2123 1368 2185 concinnabuntur.
1454 2171 1457 2175 -

725 2443 893 2522 §5-10.

247 2592 378 2694 Qualis
404 2594 452 2668 sit
478 2594 638 2670 sevirum
664 2593 760 2690 Aug.
787 2602 922 2690 status,
954 2596 1018 2671 ubi
1052 2620 1184 2670 nomen
1216 2594 1370 2670 sevz'rom

640 2715 759 2789 solum
781 2715 972 2810 reperitur.

773 2915 832 2986 ss.

333 3016 447 3072 Seaevirr‘
464 3017 627 3073 sacerdotes
645 3017 683 3072 cd
701 3022 808 3090 tempas
823 3017 899 3088 sacti
915 3023 982 3072 suot
998 3018 1177 3088 eolleqtorum
1195 3019 1284 3089 oripo.

330 3130 391 3188 lam
415 3132 449 3188 ut
470 3146 616 3206 queamus
640 3128 819 3205 diiudicare,
851 3148 921 3189 num
954 3148 1021 3189 cum
1048 3129 1222 3189 diversitate
1244 3130 1370 3191 nominis

246 3232 334 3291 ctiam
364 3229 477 3291 formae
510 3250 547 3291 ac
568 3232 693 3291 rationis
726 3233 832 3292 horum
866 3231 1059 3308 collegiorum
1090 3230 1251 3292 diversitas
1264 3231 1370 3293 tuerit

246 3335 421 3412 coniuncta,
457 3333 584 3411 primum
622 3333 791 3412 videamus,
832 3335 883 3411 qui
920 3333 1010 3394 fuerit
1046 3353 1148 3394 eorum
1185 3337 1281 3394 stetus
1320 3333 1371 3411 ibi,

247 3437 296 3496 ubi
332 3437 403 3497 socii
445 3437 541 3496 solum
580 3437 693 3496 sexviri
730 3437 930 3513 appellantur.
988 3437 1088 3514 Atque
1123 3454 1213 3497 senos
1249 3435 1369 3513 quidem

247 3540 328 3599 viros
350 3541 379 3599 in
407 3539 464 3599 illis
486 3533 634 3616 insignem
657 3540 798 3599 habuisse
822 3540 919 3600 locum
935 3558 971 3598 ac
987 3558 1057 3599 vere
1072 3539 1233 3600 sacerdotii
1248 3557 1370 3600 munere

247 3640 365 3702 functos
389 3660 463 3721 esse,
486 3644 588 3719 eisque
612 3643 734 3721 proprie
757 3660 864 3702 nomen
889 3644 1019 3703 sevirum
1036 3642 1148 3720 deberi,
1170 3645 1199 3701 et
1220 3641 1289 3701 inde
1305 3641 1370 3701 col·

246 3745 390 3823 legiorum
414 3745 559 3822 originem
591 3745 710 3804 omnino
734 3744 899 3809 ducendam
931 3763 997 3805 esse
1027 3746 1091 3821 ipso
1124 3744 1242 3804 nomine
1264 3743 1370 3824 elucet.

246 3847 405 3908 Enimvero
428 3848 580 3925 alioquin,
603 3828 808 3925 qui'potuerit
830 3866 942 3925 corpus
964 3847 1118 3908 hominum
1142 3846 1302 3907 multorum
1326 3863 1369 3906 se-

246 3950 340 4009 virum
374 3951 493 4010 nomine
527 3947 672 4026 denotari,
704 3948 823 4009 difficile
855 3953 901 4010 est
932 3949 1094 4010 intellectu.
1153 3951 1260 4026 ltaque
1283 3948 1371 4007 simul

246 4055 365 4112 constat
387 4071 448 4112 non
470 4053 500 4112 iu
524 4054 701 4129 perpetuum
726 4050 780 4110 sed
801 4053 832 4110 in
847 4056 965 4128 tempus
980 4045 1235 4128 circumscriptum
1252 4052 1296 4110 ‘ab
1317 4051 1370 4110 ini·

244 4155 285 4214 tio
305 4154 378 4213 illud
402 4172 509 4214 munus
531 4134 642 4213 deferri
665 4154 782 4214 solitum
807 4171 882 4231 esse,
904 4155 946 4212 ita
969 4158 1002 4213 ut
1023 4152 1195 4213 sacerdotio
1218 4151 1369 4229 perfuncti

245 4259 276 4317 in
299 4264 483 4317 communem
505 4257 638 4317 sevirum
661 4256 795 4316 ordinem
817 4256 987 4316 transirent.
1030 4257 1108 4314 Nam
1133 4239 1368 4339 quodsevirum

332 4493 352 4558 ¹)
368 4493 464 4559 p.213.
494 4487 624 4558 Corrigas
632 4487 685 4543 ibi:
705 4479 783 4542 esiet
793 4502 843 4555 gar
855 4484 933 4540 nicht
945 4485 1117 4568 undenlrbar
1125 4491 1177 4541 etc.
1196 4485 1367 4555 ef.11,4511.
1436 4550 1440 4556 Ι
