3142 5138
1217 478 1261 539 39

136 649 276 725 imposita
290 648 354 708 fuit.
388 649 456 722 Qua
471 651 501 709 in
516 669 549 709 re
564 669 623 710 non
639 651 736 709 solum
753 651 909 710 visceratio
925 651 968 710 eis
983 655 1048 709 crat
1063 651 1261 729 providenda,

137 751 238 810 vinum
254 770 290 810 ac
304 752 392 828 panis
407 753 573 826 adicienda,
595 772 698 812 verum
716 755 803 816 etiam
820 754 1015 814 tricliniorum
1031 755 1260 814 instrumentum
1366 804 1367 809 ,
1418 798 1422 809 .

138 858 228 930 atque
258 855 453 913 ministerium
483 855 661 931 plerumque
693 855 842 916 debebant
874 874 1056 931 comparare.
1084 858 1121 929 11.
1140 858 1178 915 N.
1199 855 1260 928 79.)

138 956 247 1032 Atque
261 957 335 1016 hacc
358 975 484 1016 munera
505 959 535 1017 in
559 959 694 1017 omnibus
717 977 795 1034 quae
818 957 940 1017 adhibui
963 958 1105 1035 exemplis
1126 978 1184 1018 non
1206 961 1261 1020 toti

138 1058 248 1135 ordini,
278 1059 331 1118 sed
359 1060 464 1135 paucis
487 1061 704 1136 Augustalibus
726 1060 939 1120 attribuuntur.
983 1063 1143 1120 Praeterea
1164 1062 1260 1137 plera·

139 1181 197 1238 que
220 1167 290 1220 sunt
312 1162 470 1238 eiusmodi,
493 1163 522 1220 in
546 1181 623 1238 quae
646 1161 734 1221 cadat
755 1162 844 1222 illud:
878 1163 1069 1222 multorum
1093 1181 1260 1224 curares

137 1264 343 1323 turbantur.
402 1265 475 1325 Cum
508 1282 580 1324 vero
611 1282 739 1340 acquum
772 1266 811 1325 sit
844 1268 873 1324 et
906 1284 955 1345 ex·
974 1265 1060 1325 titulo
1097 1267 1119 1324 1.
1152 1267 1189 1326 Ν.
1220 1269 1258 1328 79

113 1365 294 1426 'manifesto
323 1369 469 1442 appareat
499 1369 607 1443 cuique
643 1368 804 1444 Augustali
841 1368 1002 1444 aliqnando
1032 1367 1106 1428 haec
1135 1387 1260 1428 munera
1303 1359 1307 1371 ’

137 1467 229 1527 fuisse
253 1468 424 1544 subeunda,
456 1471 592 1544 sequitur
622 1473 655 1528 ut
683 1471 793 1546 singuli
824 1489 859 1529 ea
888 1489 948 1530 non
972 1471 1119 1546 gesserint
1141 1471 1197 1530 nisi
1221 1469 1259 1528 ad

137 1575 262 1647 tempus.
316 1570 438 1631 Deinde·
463 1589 530 1630 cum
559 1577 642 1631 tanto
674 1576 795 1649 sumptu
826 1572 889 1632 fere
917 1579 988 1632 sunt
1017 1575 1194 1649 coniuncta,
1227 1577 1260 1631 ut

138 1671 233 1733 eidem
256 1673 390 1733 homines
413 1692 467 1750 per
490 1675 599 1733 multos
621 1693 716 1734 annos
738 1693 774 1734 ea
797 1676 945 1734 sustinere
966 1691 1022 1734 nec
1036 1676 1189 1751 potuerint
1203 1692 1259 1734 nec

138 1778 217 1835 certe
249 1775 414 1835 debuerint.
465 1777 556 1836 Immo
587 1776 656 1835 talis
693 1780 738 1836 est
777 1795 879 1836 eorum
914 1778 1049 1854 species,
1084 1778 1169 1853 quasi
1205 1795 1259 1854 per

86 1862 89 1866 ¹
136 1878 262 1953 spatium
286 1879 543 1954 circumscriptum
566 1879 632 1937 dico
656 1896 788 1937 annuum
811 1879 876 1955 geri
898 1879 987 1938 solita
1009 1880 1076 1938 sint

220 1981 337 2040 Deinde
360 1999 432 2040 vero
448 1984 680 2040 consentaneum
697 1984 742 2039 est
756 1982 888 2040 muneris
903 1983 1081 2056 gravitatem
1096 1982 1257 2058 splendore
1269 1988 1403 2051 Quaedam
1411 1989 1466 2064 ing

136 2082 257 2142 honoris
284 2100 350 2141 cum
374 2100 409 2142 eo
432 2083 583 2142 coniuncti
609 2083 738 2159 quodam
761 2082 849 2143 modo
875 2084 1038 2158 mitigatam
1066 2086 1095 2142 et
1122 2057 1451 2174 compen-{fflgffl

135 2188 227 2243 satam
257 2201 337 2262 esse,
374 2186 475 2260 itaque
508 2185 703 2262 Augustales,
736 2185 805 2243 dum
837 2203 979 2261 „munere
1009 2177 1271 2260 Augustalitatia‘s
1314 2194 1404 2272 annuis

136 2284 186 2358 (cs.
216 2287 239 2345 1.
271 2288 309 2346 N.
343 2285 395 2359 79)
427 2286 608 2363 funguntur,
642 2287 712 2346 dum
746 2287 874 2362 exempli
910 2288 1006 2363 gratia
1038 2288 1125 2346 ludos
1157 2287 1258 2364 edunt,
1281 2269 1443 2310 convemunt.

135 2387 280 2464 dignitate
310 2390 388 2448 inter
416 2390 514 2449 socios
544 2389 701 2447 eminuisse
732 2391 762 2448 et
791 2390 938 2465 insignem
961 2389 1075 2464 locum,
1105 2393 1257 2466 tamquam

135 2491 360 2567 magistrorum,
391 2493 420 2550 in
452 2491 555 2550 ordino
586 2491 757 2550 obtinuisse.
809 2492 854 2550 Ita
885 2493 973 2550 etiam
995 2492 1115 2552 lictores
1136 2496 1257 2568 praesto
1312 2540 1314 2545 .

134 2592 256 2658 fuerunt
285 2598 365 2653 certe
401 2612 462 2652 non
493 2595 607 2652 cunctis
642 2593 858 2670 Augustalibus
896 2595 926 2650 in
953 2599 1159 2670 perpetuum,
1204 2592 1257 2652 sed

134 2697 250 2755 tantum
279 2697 338 2773 eis,
372 2696 423 2771 qui
452 2713 575 2772 quoquo
605 2714 683 2754 anuo
717 2696 838 2773 proprie
878 2712 1001 2754 munere
1043 2694 1257 2770 fungebantur.

134 2799 253 2857 Etenim
291 2799 413 2858 lictores
450 2798 528 2857 inter
563 2798 773 2872 Augustalium
809 2798 937 2873 insignia
967 2796 1154 2856 numeranda
1190 2813 1257 2855 esse

133 2901 263 2976 probant
283 2899 378 2959 fasces
399 2900 430 2959 in
453 2900 655 2975 compluribus
671 2901 723 2976 qui
738 2901 796 2959 huc
812 2899 924 2959 cadunt
939 2898 1088 2975 lapidibus
1103 2899 1256 2975 insculpti.

134 3000 169 3075 (L
191 3004 229 3062 N.
251 3005 321 3062 632.
344 3006 414 3063 961.
437 3005 528 3062 2342.
551 3005 645 3071 2355)
978 3064 980 3068 ,

219 3106 319 3180 Atque
348 3105 536 3179 Auqustalea
564 3105 701 3181 protinus
729 3121 796 3163 oum
818 3102 890 3162 facti
914 3107 1015 3162 essent
1036 3102 1111 3161 haec
1133 3119 1258 3162 munera
1292 3130 1362 3191 Aug.
1385 3128 1426 3176 his

65 3201 73 3211 ’
133 3207 258 3282 subiisse
285 3208 333 3266 vel
363 3225 465 3267 eorum
495 3206 752 3266 administratione
783 3206 957 3282 dignitatem
980 3223 1064 3265 suam
1087 3206 1256 3281 auspicatos
1296 3196 1420 3276 munerib.

134 3323 207 3369 esse'
222 3327 288 3368 cum
310 3328 366 3391 per
388 3327 420 3368 se
442 3310 482 3368 sit
502 3309 657 3385 probabile
670 3305 700 3386 ¹),
722 3315 784 3368 tum
808 3328 843 3368 eo
867 3307 1069 3384 confirmatur,
1091 3307 1172 3383 quod
1186 3307 1254 3365 iura
1283 3267 1434 3396 dffisstaetd‘

133 3430 168 3471 ac
189 3411 346 3488 privilegia
367 3429 480 3489 eorum,
501 3412 597 3470 veluti
619 3412 703 3471 loeus
724 3411 755 3469 in
779 3411 961 3487 spectaculis
982 3414 1012 3469 et
1031 3410 1112 3469 cenis
1127 3409 1255 3485 publicis
1324 3409 1390 3450 sunt.

132 3513 258 3590 insignis
280 3513 350 3572 inde
374 3532 510 3590 magnam
533 3517 648 3588 partem
671 3514 813 3572 videntur
829 3512 1009 3590 explicanda
1031 3530 1107 3589 esse,
1129 3510 1158 3570 id
1174 3509 1255 3587 quod

133 3633 225 3692 supra
255 3615 533 3676 demonstravimus.
586 3617 725 3692 Denique
756 3616 812 3673 bae
843 3632 944 3673 omnes
976 3631 1051 3690 quas
1078 3612 1165 3673 modo
1188 3631 1256 3689 pro·

132 3719 220 3794 posui
242 3717 434 3777 condiciones
457 3735 523 3776 cunr
547 3718 589 3776 eis
612 3735 690 3793 quae
713 3715 750 3776 de
773 3717 879 3776 seviris
902 3734 994 3791 supra
1013 3715 1256 3775 adumbravimus

133 3819 208 3879 adeo
230 3820 427 3896 conveniunt,
458 3824 492 3879 ut
521 3820 609 3878 etiam
634 3820 666 3878 in
689 3820 746 3878 hac
768 3838 802 3879 re
824 3807 1034 3893 Augustalium
1058 3817 1181 3893 collegia
1204 3834 1255 3875 eos

133 3939 278 3998 aequasse
302 3921 486 3980 adducamur
510 3921 548 3980 ad
571 3920 763 3981 credendum.

220 4189 240 4255 ¹)
257 4186 294 4241 cf.
313 4187 396 4241 etiam
413 4187 535 4254 1.Ν.19,
554 4187 671 4241 maxime
691 4186 758 4241 haee
776 4186 875 4240 verba:
900 4184 1018 4255 facilius
1036 4182 1172 4238 subituris
1184 4198 1256 4236 uuus

131 4271 361 4343 Augustalium,
380 4271 445 4326 dum
463 4270 516 4326 1133
533 4259 706 4326 commodum
724 4276 789 4327 31113
807 4271 904 4326 oeulos
922 4269 1031 4324 1131331.
1050 4308 1057 4321 .
1083 4267 1146 4323 Η33
1163 4271 1255 4322 autem

131 4358 241 4412 333333
257 4357 374 4412 relevati
390 4357 528 4426 impendis
544 4357 661 4426 facilius
678 4356 838 4426 prosilituri
854 4355 898 4419 111,
922 4354 972 4425 qui
988 4352 1028 4407 ad
1045 4368 1144 4406 munus
1161 4354 1254 4422 Auqu-
1367 4351 1370 4367 ¹

130 4442 261 4498 stolitotis
278 4442 489 4514 compellentur.
