3142 5138
43 2324 44 2327 =
113 2295 145 2342 ab
165 2294 229 2341 eisd.
248 2309 294 2356 per

284 371 361 435 ¹38.

308 553 419 626 putuit,
452 569 503 610 eos
529 555 688 628 postquam
719 552 808 610 sariri
832 550 901 610 laeti
925 555 1038 628 essent,
1061 570 1156 628 usque
1180 551 1217 610 ad
1240 551 1328 611 linem
1351 541 1432 612 vitae

311 646 523 730 „coluisse“‚
552 654 640 713 etiam
668 655 693 713 si
716 654 884 714 sacerdotio
916 673 1016 714 annuo
1038 653 1121 714 finito
1144 651 1294 731 graviora
1307 672 1433 715 munera

308 755 433 831 amplius
462 776 521 816 non
558 757 708 816 debebant
737 757 766 815 in
798 758 939 816 honorem
962 757 1091 833 Augusti
1114 758 1214 816 subire
1237 776 1326 834 quam
1350 758 1432 818 oenis
1456 823 1459 826 ,

306 859 433 936 publicis
456 860 600 918 interesse
629 858 729 918 velia
753 860 933 936 spectaculis
958 859 1023 919 looo
1045 861 1154 937 insigni
1178 861 1221 919 uti
1245 861 1294 920 vel
1316 861 1432 920 similia.

306 963 444 1045 Namque
474 963 503 1021 in
532 963 615 1021 cultu
647 963 776 1038 Augusti
809 979 904 1037 usque
937 968 1002 1022 erat
1031 959 1165 1039 positum
1191 963 1272 1022 illius
1310 948 1432 1022 bonomo

306 1064 550 1141 fundamentum,
590 1065 687 1123 uultus
724 1065 853 1141 Augusti
887 1065 1026 1124 manebat
1059 1064 1141 1141 fons,
1184 1065 1264 1124 unde
1301 1066 1432 1124 sevirum

307 1168 442 1244 quamvis
482 1167 613 1226 seviratu
653 1167 824 1226 iamdudum
859 1167 1069 1227 defunctorum
1107 1169 1173 1226 iura
1206 1187 1241 1227 ae
1274 1167 1432 1245 privilegia

307 1271 449 1329 eontinuo
466 1270 680 1329 derivarentur.
714 1271 818 1345 Itaque
836 1272 1048 1344 Augustalium
1070 1288 1192 1329 munera
1212 1271 1242 1328 in
1259 1271 1431 1329 universnm

306 1372 398 1432 fuisse
421 1377 569 1448 perpetua
591 1390 627 1430 ex
649 1373 738 1431 titulo
760 1373 928 1433 Puteolano
951 1373 1088 1449 profesto
1111 1391 1170 1432 non
1194 1372 1338 1449 sequitur.

833 1636 849 1706 1
870 1639 908 1690 rr.

393 1739 518 1811 Amplius
537 1738 748 1794 clanaoasootar
766 1739 963 1810 Augustalium
981 1740 1099 1810 callepio
1117 1758 1135 1795 a
1153 1741 1253 1796 seviris
1271 1746 1346 1818 stota

769 1842 826 1879 aon
845 1824 971 1896 dr'fferre.
1393 1823 1394 1827 ’

156 1954 264 2000 Munera
353 1946 358 1950 '
397 1936 437 1994 At
465 1954 520 2010 age
549 1935 704 1995 videamus
737 1937 855 2012 potiora
878 1937 1088 2009 Augustalium
1115 1955 1241 1995 munera
1267 1954 1338 1995 num
1361 1953 1432 1994 vere

114 2021 420 2138 Apugustaliumfuerint
442 2039 506 2097 eius
529 2039 663 2115 generis,
693 2056 770 2113 quae
792 2043 918 2114 possent
945 2057 1011 2097 aum
1034 2057 1053 2097 a
1075 2039 1176 2097 multis
1199 2039 1287 2097 simul
1309 2043 1371 2096 tum
1395 2037 1432 2096 ab

107 2105 297 2204 poporrpppirpe
308 2141 420 2200 eisdem
442 2141 627 2218 permultos
650 2159 744 2199 armos
767 2141 894 2199 sufferri.
937 2142 982 2199 Ao
1003 2143 1131 2217 primurn
1155 2141 1272 2218 quidem
1288 2159 1432 2199 summam

118 2226 193 2273 simul
205 2238 291 2288 neque·
307 2238 494 2303 honorariam
522 2244 706 2318 Augustales
735 2243 772 2302 ab
800 2244 942 2303 honorem
971 2245 1086 2303 solvere
1110 2245 1211 2303 solitos
1234 2262 1305 2303 1111
1324 2243 1433 2302 docent

111 2362 289 2444 ragumun-
306 2345 386 2405 tituli
408 2347 431 2405 1.
454 2347 491 2405 n.
515 2326 679 2405 111111.
701 2349 793 2405 1111.
838 2348 882 2404 aa
912 2346 968 2405 furt
999 2364 1035 2405 ea
1065 2365 1156 2422 saepo
1170 2367 1243 2406 «non
1266 2346 1432 2406 mediocris.

143 2445 264 2561 {2253
306 2446 488 2520 (Secundum
505 2449 527 2507 Ι.
544 2449 581 2506 N.
597 2450 657 2507 951
674 2449 788 2525 viginti,
804 2449 970 2507 seeundum
986 2452 1045 2540 961
1064 2442 1243 2534 quindecim,
1266 2448 1431 2508 seeundum

304 2554 388 2610 4000
411 2550 513 2616 desem
537 2550 616 2608 milia
638 2551 808 2610 sestertium
831 2570 849 2608 a
871 2552 997 2626 singulis
1021 2550 1199 2625 solvuntur.)
1248 2551 1336 2625 Quod
1359 2569 1431 2610 vero

305 2654 504 2712 Mommsenus
532 2653 632 2711 doeuit
658 2653 688 2710 in
713 2653 923 2712 commentario
952 2654 989 2711 ad
1012 2654 1087 2729 legis
1110 2655 1243 2713 coloniae
1266 2653 1431 2713 Genetivae

221 2790 227 2797 .
305 2756 403 2830 oapita
427 2757 475 2814 10.
499 2757 536 2813 ll
562 2751 726 2831 adieot01),
756 2773 900 2814 summam
933 2755 1122 2814 honorariam
1156 2757 1378 2834 municipalium
1401 2759 1432 2815 et

307 2857 532 2942 magistratuum
558 2861 587 2915 et
609 2856 808 2934 saeerdotum,
831 2858 854 2916 si
877 2877 936 2916 uon
960 2863 1039 2917 esset
1061 2857 1130 2917 inde
1154 2857 1327 2935 repetenda,
1350 2863 1431 2916 uerte

305 2959 341 3016 ad
374 2977 516 3017 summam
549 2959 711 3035 legitimam
741 2960 769 3018 in
792 2959 879 3018 ludos
901 2959 1131 3035 impendendam
1155 2959 1375 3036 quodammodo
1398 2978 1431 3018 se

304 3061 484 3137 applicuisse
516 3066 666 3137 tamquam
697 3066 888 3138 augmentum
921 3061 1069 3138 quoddam
1094 3063 1174 3138 eius,
1203 3063 1233 3120 iu
1264 3062 1337 3120 alios
1361 3078 1431 3138 usus

187 3195 193 3216 1
306 3170 404 3222 tamen
429 3164 623 3240 erogandam:
653 3163 684 3221 id
707 3165 754 3222 hio
779 3182 897 3240 quoque
921 3165 1058 3223 videmus
1082 3163 1259 3223 confirmari.
1302 3165 1377 3222 Nam
1400 3163 1430 3221 in

306 3266 393 3325 titulo
425 3284 517 3342 supra
548 3265 670 3324 laudato
694 3266 716 3324 Ι.
739 3267 777 3326 Ν.
800 3269 860 3325 951
894 3266 953 3325 duo
975 3267 1158 3342 Augustales
1181 3283 1255 3341 pro
1286 3280 1431 3323 esuriere

228 3373 229 3378 ’
305 3367 345 3426 ula
372 3383 504 3426 samma
526 3368 776 3442 qrcodruplata
798 3365 854 3441 [m.
884 3368 941 3426 HS.
965 3365 1015 3441 1.]
1046 3369 1143 3427 vioum
1174 3368 1432 3437 Larisdiountur

306 3471 457 3529 stravisse.
494 3471 655 3528 Praeterea
675 3489 830 3530 munerum
847 3470 1025 3528 ludorumve
1050 3470 1085 3529 ab
1102 3470 1318 3547 Augustalibus
1338 3469 1430 3528 edito-

308 3591 372 3632 rum
397 3572 512 3632 adnoto
541 3573 719 3631 mentionem
747 3571 809 3632 fieri
833 3573 863 3631 in
887 3574 908 3631 1.
932 3573 969 3632 N.
994 3575 1084 3632 1514.
1110 3575 1200 3656 1520.
1224 3576 1314 3632 2463.
1338 3572 1431 3632 Ρο111

303 3693 396 3750 opera
419 3675 540 3750 publiea
563 3674 675 3734 diversi
698 3675 816 3751 generis
838 3675 1006 3734 invenimus
1029 3675 1065 3734 ab
1091 3675 1201 3734 eisdem
1225 3693 1280 3734 sua
1301 3673 1445 3754 pecunia⁴

307 3776 458 3853 dedicata,
485 3776 569 3834 verbi
596 3774 835 3851 caussa'templa
863 3781 1015 3835 statuasve
1038 3777 1060 3834 1.
1075 3776 1112 3834 Ν.
1128 3779 1198 3836 453.
1223 3779 1313 3835 2306.
1337 3777 1428 3835 3943-

306 3881 398 3938 4918.
429 3881 520 3938 4917.
550 3878 779 3955 111,4153.11,
806 3880 873 3937 115.
905 3881 973 3936 131.
1006 3881 1074 3938 182.
1104 3881 1195 3937 2327.
1226 3878 1288 3936 vias
1321 3880 1430 3935 stratas

306 3980 326 4036 1.
349 3980 387 4038 Ν.
410 3983 480 4039 051.
505 3983 596 4039 3053.
619 3983 711 4038 4346.
735 3980 793 4036 1111
816 3967 939 4038 aedifioa
961 3980 1009 4038 vel
1033 3999 1134 4039 eorum
1159 3984 1333 4039 ornamenta
1356 3980 1377 4037 Ι.
1392 3979 1430 4038 N.

306 4084 395 4141 1950.
425 4084 517 4141 4943.
552 4082 591 4158 11,
618 4084 686 4158 183.
738 4081 877 4157 Denique
907 4099 1047 4151 uenarum
1074 4081 1262 4159 publicarum
1292 4100 1364 4141 eura
1387 4079 1439 4140 eis'

393 4347 412 4410 ¹)
431 4343 493 4413 eph.
512 4344 599 4413 epigr.
619 4344 670 4412 III,
692 4331 771 4398 toa‘
