3180 5370
436 406 496 466 110

438 581 580 639 nimirum
603 580 628 639 si
650 580 699 640 vel
719 584 823 642 ternos
845 582 1017 642 victoriatos
1027 578 1050 653 ¹)
1082 583 1131 641 vel
1161 581 1295 659 singulos
1320 586 1439 644 tanturm
1462 583 1550 645 dona

433 679 528 753 riost)
551 684 712 759 quotannis
735 683 847 742 divisos
870 701 935 743 osse
958 687 1131 743 statuemus.

530 784 642 845 Contra
681 790 853 862 computum
887 786 987 862 paullo
1027 786 1240 862 praecisionem
1275 788 1424 864 permittit
1450 786 1550 849 titulus

433 887 666 946 Barcinonensis
678 888 715 962 11,
729 885 811 947 4511
835 889 951 965 positus
973 890 1140 966 imperante
1150 890 1303 949 Antonino
1316 890 1380 950 Pio.
1417 892 1550 969 nanque

433 989 463 1046 in
486 1007 522 1048 eo
548 994 675 1049 testator
704 990 784 1066 legat
811 990 925 1049 colonis
948 992 1219 1051 Barcinonensibus
1242 992 1292 1052 Hs
1322 990 1460 1053 contum·
1476 994 1551 1055 nullia

433 1110 469 1151 ea
492 1092 682 1168 condicione,
714 1096 747 1151 ut
777 1094 842 1151 olus
872 1110 1004 1153 summae
1033 1111 1145 1153 usurae
1176 1095 1362 1170 quinounres
1393 1096 1550 1171 quotannis

433 1194 526 1254 natali
549 1211 605 1253 suo
628 1193 841 1254 decurionibus
864 1200 895 1254 et
918 1195 1153 1271 Augustalibus,
1185 1197 1237 1273 qui
1260 1202 1440 1274 praesentes
1460 1196 1550 1259 fotum

434 1298 502 1373 sint,
518 1297 697 1356 dividantur.
728 1298 828 1373 Atque
844 1297 1055 1357 decurionibus
1065 1298 1204 1359 denarios
1218 1302 1393 1378 quaternos,
1406 1298 1551 1377 supra

434 1398 513 1459 libus
534 1401 639 1463 ternos
668 1400 795 1475 singulis
827 1400 891 1459 dari
923 1401 1012 1460 iubet
1057 1400 1175 1461 Deinde
1196 1403 1310 1477 pergit:
1346 1403 1377 1460 si
1396 1418 1458 1477 quo
1474 1418 1551 1479 pou·

433 1504 534 1560 riores
556 1503 763 1574 converterint,
796 1500 851 1574 (ita
881 1506 914 1562 nt
943 1504 973 1563 in
1001 1503 1148 1564 divisione
1178 1504 1230 1563 illa
1263 1505 1379 1581 aliquid
1409 1508 1551 1583 pecunias

432 1601 576 1680 supersit)
603 1605 733 1678 amplius
760 1606 840 1663 iuter
863 1611 1044 1679 praesentes
1070 1622 1133 1680 pro
1161 1607 1427 1684 rotca‘dioidutur,
1449 1613 1485 1667 ut
1503 1606 1552 1667 ris

434 1706 460 1764 V
477 1704 526 1780 (m.
546 1706 591 1779 a.)
613 1721 784 1779 mererent,
807 1723 885 1780 queue
908 1723 1027 1767 uacuos
1048 1713 1232 1782 competunt,
1255 1712 1285 1768 ta
1308 1709 1389 1769 bunc
1410 1726 1475 1771 rem
1496 1726 1550 1771 oar

431 1807 519 1869 nsua
540 1810 629 1867 moola
649 1810 749 1867 aetoli
774 1826 829 1868 auo
852 1813 1023 1884 erop'enuar.
1068 1811 1156 1871 (terte
1185 1811 1278 1886 igitur
1305 1815 1425 1872 tantum
1454 1814 1571 1891 legara-

433 1913 460 1971 ei
482 1913 512 1971 in
536 1911 633 1972 auimo
658 1911 731 1990 suit,
752 1917 786 1973 ut
807 1914 922 1972 etiamsi
945 1913 1123 1973 decuriones
1146 1914 1392 1991 Augustalesque
1415 1914 1550 1993 frequen·

431 2015 536 2074 tissimi
567 2015 605 2073 ad
629 2015 757 2074 natalem
787 2033 873 2074 suurn
896 2015 1167 2076 concelebrandum
1183 2018 1426 2096 ¹convenissent,
1454 2023 1550 2079 umen

433 2134 470 2174 ex
494 2118 591 2176 usuris
619 2117 837 2193 quinounoibus
869 2118 983 2177 denarii
1013 2120 1153 2194 quaterni
1182 2118 1298 2179 terniue
1329 2120 1468 2180 omnibus
1489 2118 1551 2181 dari

432 2223 565 2295 possent.
624 2218 739 2292 Quodsi
775 2221 932 2279 statuimus
969 2220 1146 2281 decuriones
1182 2225 1212 2280 et
1242 2221 1425 2297 Augustales
1461 2222 1551 2283 fuisse

432 2339 556 2381 numero
579 2319 642 2381 fere
665 2339 754 2397 pares
778 2325 807 2380 ot
830 2322 936 2381 deinde
957 2322 1091 2398 quinque
1107 2323 1186 2382 milia
1201 2323 1370 2383 sestertium
1386 2343 1424 2383 ex
1440 2325 1552 2385 ratione

432 2425 620 2501 praescripta
643 2423 816 2500 dividimus,
840 2423 1012 2484 efficiuntur
1043 2425 1107 2484 fere
1131 2429 1251 2485 centum
1273 2427 1464 2502 septuaginta
1485 2430 1550 2487 octo

432 2530 462 2586 et
484 2526 662 2586 decuriones
684 2532 715 2585 et
729 2526 919 2603 Augustales.
963 2527 1003 2587 At
1024 2527 1136 2604 ubique
1159 2534 1189 2588 st
1211 2528 1347 2588 omnibus
1368 2529 1551 2606 temporibus

432 2630 507 2688 ordo
539 2629 677 2706 superior
708 2647 833 2688 numero
870 2630 966 2689 minor
1003 2647 1069 2689 esse
1105 2630 1262 2690 consuevit
1296 2648 1388 2706 quam
1421 2631 1551 2693 interior.

432 2732 625 2809 Quapropter
647 2733 672 2791 si
693 2733 793 2808 potius
814 2734 980 2792 statuemus
1010 2732 1064 2792 hos
1086 2733 1162 2793 duos
1185 2733 1306 2793 ordines
1328 2751 1393 2793 eam
1416 2732 1479 2792 fore
1501 2734 1550 2793 lra-

432 2834 534 2893 buisse
558 2852 747 2894 numerorum
771 2834 927 2911 rationem,
950 2839 983 2894 ut
1005 2835 1083 2894 binis
1106 2835 1319 2899 decurionibus
1335 2835 1413 2895 terni
1429 2852 1550 2913 respou-

434 2936 539 2997 darent
561 2936 754 3013 Augustales,
789 2937 930 3014 propius,
961 2939 1082 3014 opinor,
1114 2938 1151 2996 ad
1182 2938 1340 2997 veritatem
1367 2937 1552 2999 accedemus.

432 3038 509 3099 Tum
532 3057 603 3100 vero
635 3039 659 3098 si
692 3042 836 3115 prorata
864 3044 952 3116 parte
973 3057 1116 3099 summam
1148 3040 1351 3117 supradictam
1378 3039 1552 3116 dividemus,

432 3141 609 3201 decuriones
631 3141 703 3201 fient
726 3142 844 3201 circiter
866 3147 985 3201 centum
1009 3142 1210 3218 quadraginta
1231 3142 1380 3219 quinque,
1401 3143 1552 3219 Augustae

432 3243 476 3303 les
498 3243 620 3304 ducenti
649 3243 760 3303 decem.
812 3243 900 3305 Unde
930 3246 1020 3303 etiam
1047 3261 1207 3322 possumus
1238 3245 1392 3324 conicere,
1424 3248 1552 3321 quantus

432 3344 494 3405 fere
518 3346 584 3405 aliis
606 3347 636 3405 in
659 3347 778 3422 oppidis
799 3347 1008 3422 Augustalium
1031 3365 1171 3407 numerus
1193 3344 1318 3419 fuerim)

516 3448 634 3508 Deinde
656 3448 696 3508 de
718 3448 835 3525 finibus,
857 3449 937 3507 intra
958 3444 1034 3525 quos
1049 3449 1280 3526 Augustalitatis
1294 3448 1462 3509 institutum
1484 3468 1551 3528 pro-

432 3555 575 3628 pagatum
597 3552 645 3628 sit,
666 3551 724 3610 boc
745 3551 810 3610 loco
832 3569 894 3609 non
917 3554 963 3609 est
985 3550 1157 3611 curiosius
1180 3551 1332 3612 disseram.
1376 3552 1451 3612 Oum
1473 3552 1551 3612 enim

432 3651 469 3712 de
492 3654 549 3712 hac
572 3670 606 3711 re
626 3652 685 3711 iam
708 3653 846 3729 Eggerus
866 3653 938 3712 satis
959 3653 1037 3712 bene
1060 3654 1172 3731 egerit,
1204 3670 1281 3728 quae
1309 3672 1390 3713 nunc
1411 3657 1483 3714 suut
1502 3654 1552 3715 vel

432 3754 573 3814 addenda
599 3755 647 3813 vel
677 3753 870 3832 corrigenda,
908 3772 1000 3832 supra
1031 3755 1158 3815 diversis
1188 3755 1262 3815 locis
1290 3756 1387 3816 attuli.
1430 3757 1466 3816 ln
1487 3757 1552 3817 Bri·

433 3858 535 3916 tannia
558 3876 618 3916 non
640 3856 708 3931 plus
731 3875 822 3916 unum
845 3857 935 3917 seviri
957 3858 1075 3919 titulum
1097 3858 1195 3917 adhuc
1210 3857 1355 3934 prodisse,
1377 3859 1552 3936 quicunqne

432 3962 583 4036 cognitum
613 3959 734 4019 habebit
770 3960 860 4019 huius
896 3961 1070 4036 provinciae
1100 3960 1198 4038 qualis
1223 3964 1296 4021 tune
1325 3962 1470 4038 temporis
1495 3960 1553 4021 fuit

518 4208 538 4275 ¹)
556 4204 590 4260 of.
608 4207 630 4258 I.
643 4205 675 4261 N.
694 4209 734 4259 26.
904 4209 927 4270 ²)
945 4206 966 4259 Ι.
979 4206 1012 4262 N.
1030 4211 1105 4262 4918.
1123 4207 1158 4262 ci.
1176 4207 1249 4262 Plin.
1266 4208 1284 4261 l.
1296 4207 1315 4260 l.

516 4295 539 4356 ³)
556 4292 614 4346 Has
632 4290 851 4359 computationes
869 4307 924 4345 non
944 4293 1012 4346 satis
1030 4299 1119 4347 certas
1137 4307 1200 4346 esse
1217 4307 1309 4361 nequo
1328 4291 1552 4347 dubitationibus

433 4383 577 4446 exemptas
594 4377 656 4445 ipse
674 4392 730 4430 non
747 4377 847 4444 ignoro
865 4392 956 4445 neque
973 4377 1099 4432 indicare
1116 4377 1204 4431 omisi.
