3142 5138
1217 503 1258 563 23

137 677 275 752 Aequum
297 676 364 737 dico
387 707 428 716 -
451 698 518 738 nam
541 679 622 754 quod
645 678 684 738 ad
706 679 882 755 spectacula
911 677 1029 736 edenda
1049 678 1165 737 seviros
1187 676 1259 736 obli·

137 782 223 856 gatos
244 779 336 840 fuisse
359 786 477 840 constat
488 780 517 859 ¹),
540 782 653 858 ubique
673 782 702 840 in
725 782 849 858 imperio
864 782 999 840 Romano
1022 780 1111 840 moris
1131 778 1188 839 fuit
1210 780 1260 856 eis,

138 883 190 959 qui
212 901 334 941 munera
356 883 481 944 ludosve
504 883 677 960 edidissent,
698 883 844 959 quaedam
867 882 947 960 iura,
973 882 1137 959 praecipue
1159 882 1258 943 locum

136 984 284 1060 insignem
306 986 335 1044 in
358 985 485 1063 theatro,
507 987 536 1046 in
559 990 713 1061 posterum
735 985 911 1046 consedere.
948 986 988 1045 Ut
1010 985 1068 1043 alia
1086 980 1259 1045 'testimonia

137 1087 277 1164 omittam,
299 1088 328 1147 in
351 1089 522 1148 memoriam
545 1108 654 1149 revoco
677 1088 794 1148 titulum
818 1088 1001 1164 Campanum
1017 1088 1040 1164 1,
1056 1088 1134 1146 571:
1157 1086 1259 1159 Papae

137 1188 347 1248 Herculaneas
369 1192 456 1250 scivit
478 1235 485 1249 .
509 1235 516 1246 ,
548 1192 713 1265 coralepiam
734 1191 815 1250 seiae
835 1189 975 1264 mepirm‘
994 1189 1079 1248 Jovei
1100 1189 1259 1263 sampsaei

135 1288 244 1368 stunt),
271 1292 334 1349 atei
361 1286 400 1351 ia
410 1294 567 1366 porticum
588 1308 746 1367 poponem
778 1293 981 1365 reficiendum¹
998 1293 1158 1364 pecaniam
1186 1307 1258 1351 con·

136 1398 289 1453 sumerent
304 1437 312 1450 .
330 1439 337 1452 .
355 1438 362 1451 .
377 1396 501 1468 uteioae
523 1397 552 1454 ei
573 1397 709 1470 cantepia
731 1396 812 1454 seiae
833 1395 969 1469 mopistri
990 1394 1159 1453 ssentlooei
1180 1409 1258 1454 com·

131 1498 226 1572 popei
254 1498 339 1555 locres
372 1499 403 1555 in
436 1503 532 1556 tenero
562 1501 643 1556 esset
676 1503 737 1555 tam
759 1499 865 1570 puerei
886 1497 931 1556 sei
953 1497 1041 1555 ludos
1060 1495 1221 1567 fecissent.
1234 1491 1257 1563 ²)

137 1599 265 1658 -Nec
287 1600 385 1658 minus
408 1599 479 1659 utile
501 1601 597 1660 visum
621 1604 675 1676 est,
697 1601 835 1660 nimirum
859 1579 918 1676 quo
941 1599 1061 1658 ambitio
1077 1599 1258 1659 excitaretur

136 1720 171 1761 ao
193 1701 333 1761 libentius
354 1703 528 1789 subirentur
550 1702 697 1762 seviratus
719 1720 810 1761 onera
826 1721 887 1761 non
902 1700 1070 1761 mediocria
1114 1701 1196 1777 Ergo
1220 1718 1257 1760 oe

135 1804 243 1880 longus
258 1805 321 1881 sim,
344 1803 522 1865 decuriones
543 1806 672 1881 primum
693 1805 800 1880 paucis
822 1805 935 1880 eisque,
957 1805 1073 1881 opinor,
1095 1803 1147 1879 qui
1164 1802 1256 1862 muni-

135 1905 254 1967 ficentia
274 1911 397 1983 praeter
419 1911 535 1967 ceteros
550 1909 579 1967 in
595 1908 726 1967 usuratu
742 1907 956 1983 excelluerunt,
979 1911 1014 1967 ut
1028 1907 1117 1966 etiam
1133 1924 1255 1966 munere

135 2008 269 2085 deposito
291 2010 421 2069 sevirum
445 2011 511 2071 iura
531 2014 623 2086 atque
639 2010 768 2086 insignia
783 2010 890 2087 partim
906 2007 1079 2085 retinerent,
1103 2026 1256 2068 concesse·

134 2114 205 2173 runt
227 2130 264 2174 eo
286 2112 419 2189 consilio,
441 2115 474 2171 ut
496 2116 526 2172 et
546 2112 680 2188 praemio
702 2113 833 2188 ipsorum
865 2111 970 2170 merita
991 2114 1257 2171 remunerarentur

135 2217 165 2273 et
186 2202 376 2275 successores
406 2214 444 2273 ad
475 2233 578 2290 parem
612 2216 832 2274 contentionem
861 2212 1059 2273 stimularent.
1103 2212 1203 2288 Atque
1224 2212 1255 2271 in

134 2316 278 2393 Hispania
300 2315 421 2393 quidem
443 2322 473 2376 et
494 2317 524 2376 in
546 2316 701 2393 Sardinia,
732 2317 783 2392 qui
805 2317 847 2377 ita
867 2315 1005 2380 honorati
1027 2319 1113 2391 sunt,
1143 2315 1256 2374 sexuiri

134 2418 209 2494 Aup.
230 2419 377 2494 perpetui
400 2420 429 2478 d.
452 2418 741 2495 despoliabantur.
784 2419 875 2479 Brevi
896 2437 969 2478 vero
992 2418 1066 2477 haec
1088 2418 1164 2476 ratio
1188 2434 1254 2492 per·

134 2521 281 2598 crebruit,
310 2520 507 2598 inveteravit,
543 2521 580 2581 ad
615 2539 717 2580 omnes
747 2522 861 2582 seviros
888 2521 1028 2580 manavit
1070 2519 1157 2580 Unde
1180 2517 1254 2578 ordo

113 2623 343 2700 ‚Augustalium
374 2626 539 2683 natusest.
582 2623 623 2683 At
652 2640 723 2700 eos,
759 2624 809 2699 qui
839 2606 931 2682 semel
961 2625 1139 2698 receperant
1159 2619 1252 2679 sevire
1285 2625 1423 2686 Quomodo

134 2725 159 2786 Α
371 2726 376 2737 .
625 2726 631 2739 .
768 2727 774 2740 .
867 2726 873 2740 .
919 2727 925 2739 .
1037 2726 1044 2740 .
1228 2722 1234 2736 ·
1264 2700 1354 2756 postea
1371 2694 1447 2742 seviri

42 2765 44 2769 ψ
160 2742 209 2800 up.
228 2730 375 2799 perpetus
398 2744 505 2786 nomen
528 2725 737 2802 hononficum,
767 2725 797 2785 id
819 2729 977 2786 retinuisse
1006 2728 1094 2784 enam
1117 2742 1184 2784 cum
1206 2739 1365 2824 V¹⁸perp.a
1378 2770 1445 2809 cete-

134 2829 245 2896 nomini
267 2829 394 2905 primum
425 2828 514 2888 insita
542 2828 600 2887 iam
628 2827 792 2904 defecerat,
825 2846 884 2888 non
917 2831 963 2887 cst
993 2826 1073 2904 quod
1105 2827 1253 2885 miremur.
1281 2829 1315 2876 ris
1334 2829 1428 2905 discre-

134 2931 200 2991 Nec
221 2930 318 3008 video,
340 2931 411 3007 quid
435 2930 585 3008 impediat,
607 2931 767 3008 quominus
790 2931 925 3006 exempla
952 2930 1051 2990 adhuc
1073 2932 1192 3005 reperta
1214 2926 1254 2986 ad
1293 2904 1417 2960 paverint.

133 3036 270 3110 tempora
290 3035 451 3094 remotiora
472 3033 643 3114 revocanda
666 3052 731 3093 esse
760 3015 932 3094 statuamus.
976 3034 1041 3092 Nec
1063 3050 1135 3091 vero
1158 3030 1254 3106 magis

134 3135 199 3196 lieri
219 3153 280 3196 non
302 3136 413 3214 potuit,
441 3137 529 3196 etiam
550 3140 710 3214 postquam
733 3137 848 3195 cunctis
869 3136 975 3196 seviris
995 3132 1163 3211 perfunctis
1178 3133 1252 3192 sevi-

133 3241 218 3298 ratus
240 3241 415 3299 ornamenta
440 3239 670 3316 inperpetuum
699 3240 873 3315 permittere
903 3237 1073 3297 iamdudum
1104 3235 1135 3295 in
1166 3253 1252 3294 usum

134 3339 229 3418 venit,
263 3344 296 3403 nt
332 3359 440 3401 nomen
469 3343 601 3400 sevirum
630 3345 852 3415 perpetuorum
887 3339 1007 3399 decerni
1036 3340 1175 3417 pergeret
1202 3337 1254 3413 cis,

135 3442 241 3518 quibus
274 3443 412 3502 eximium
447 3444 525 3503 inter
558 3444 656 3503 socios
688 3443 786 3502 locum
819 3442 980 3520 adsignare
1012 3440 1189 3503 decuriones
1221 3439 1252 3500 in

133 3545 231 3604 animo
255 3544 408 3608 haberent.
417 3541 441 3618 ³)

174 3788 176 3794 '
220 3792 242 3856 1)
259 3791 315 3844 vid
334 3806 406 3859 quac
425 3792 461 3846 de
478 3792 530 3847 hac
547 3808 577 3846 re
594 3793 665 3846 intra
683 3807 827 3861 exponam.

142 3915 146 3920 -
219 3878 243 3943 ²)
261 3877 364 3932 Fusius
382 3877 418 3932 de
436 3877 488 3931 hac
505 3893 535 3932 re
546 3879 733 3934 Mommsenus
751 3878 809 3946 egit
825 3879 847 3946 1,
865 3895 892 3947 p.
907 3881 964 3944 159,
982 3878 1018 3933 ad
1030 3892 1112 3946 quem
1124 3877 1251 3945 legentes

38 4008 41 4013 ,
133 3976 242 4015 revoco.

218 4048 240 4112 ³)
257 4045 389 4101 Similiter·
416 4046 559 4116 igilando
586 4048 689 4102 haere
713 4048 806 4102 iudico
836 4054 920 4117 atque
942 4049 974 4103 0.
996 4046 1164 4102 Hirschfeld.
1188 4062 1251 4101 ann.

134 4136 179 4199 66,
201 4135 233 4186 55
258 4132 293 4186 de
311 4131 474 4214 diversitate
494 4134 679 4204 fluminalinm
703 4140 732 4188 ct
747 4135 891 4204 flaminum
908 4138 1122 4205 perpetuorum:
1157 4131 1208 4193 ,Se
1226 4131 1251 4185 ci

133 4215 158 4271 si
180 4222 349 4285 presentano
377 4218 491 4287 dunque
514 4219 616 4272 flamini
640 4221 757 4273 assoluti
780 4219 815 4274 ed
838 4236 876 4274 un
899 4219 1028 4273 flamonio
1050 4217 1250 4287 precisamente

132 4301 211 4357 dotto
227 4317 333 4370 annno,
354 4303 426 4358 altro
448 4319 504 4357 non
522 4305 663 4373 possiamo
683 4305 733 4359 che
751 4320 899 4372 supporre,
916 4303 966 4358 che
984 4304 1047 4372 quei
1066 4304 1249 4358 terminato

132 4387 259 4453 l’snno,
279 4387 497 4443 rientravano
510 4405 602 4444 come
618 4388 1143 4456 llaminalinclla‘vitaprivata‚
1161 4385 1250 4441 eche

132 4487 199 4526 non
217 4471 247 4524 si
266 4473 523 4542 accordavano‚
547 4475 680 4533 almeuo
698 4474 754 4533 nei
772 4475 878 4544 tempi
896 4474 956 4549 piu
973 4473 1111 4546 remoti,
1129 4488 1146 4531 a
1163 4471 1250 4529 tutti
