3142 5138
1227 487 1268 548 33

147 671 221 732 ordo
243 652 454 746 Augustalium
477 671 597 729 coortus
619 671 673 727 est
717 667 855 729 Seviratu
879 688 938 729 non
963 671 1057 733 innoti
1083 670 1112 729 in
1136 676 1269 737 ordinem

147 793 207 834 non
229 773 383 833 intrabant
405 771 461 831 nisi
485 771 574 847 pauei
604 770 726 830 honoris
749 763 955 848 eaussa‚‘qui
983 777 1146 837 seviratnm
1178 781 1269 839 susei-

148 895 220 953 pere
242 877 415 953 perlegam
439 893 498 934 non
521 877 653 950 possent

617 1178 638 1256 e
662 1178 794 1240 11-13.

188 1312 318 1404 Qualis
344 1314 392 1386 sit
418 1315 653 1408 collegiorum
682 1321 807 1406 status
834 1316 897 1388 ubi
925 1317 1141 1414 Augustales
1168 1319 1238 1393 soli

584 1433 829 1508 inveniuntur.

674 1599 690 1669 g
711 1604 751 1653 ιι.

464 1702 591 1757 Henzem'
607 1702 732 1757 rationes
749 1703 958 1761 examinantur.

236 1816 299 1873 Iam
321 1818 508 1873 transeamus
530 1812 569 1871 ad
592 1832 628 1872 ea
649 1812 760 1888 oppida
781 1816 1006 1893 provinciasve,
1027 1816 1057 1875 in
1080 1816 1188 1892 quibus
1210 1817 1273 1877 fere

153 1935 213 1975 non
232 1918 426 1993 reperiuntur
442 1916 497 2001 nisi
514 1916 693 1990 stauastola
714 1916 779 1986 soli,
803 1920 833 1975 et
855 1918 1039 1993 inquiramus
1063 1937 1220 1995 quemnam
1242 1921 1273 1978 in

153 2018 271 2079 modum
295 2020 319 2078 ei
350 2017 463 2077 inerint
485 2018 656 2094 constituti,
688 2036 819 2093 numque
842 2019 978 2079 diversus
1001 2019 1091 2080 fuerit
1120 2039 1221 2083 eorum
1245 2027 1275 2083 et

153 2114 248 2182 status
277 2127 307 2180 et
336 2122 420 2197 origo
451 2121 619 2179 aseoirum
650 2121 800 2198 collegiis,
833 2141 961 2198 quorum
995 2124 1153 2199 imaginem
1186 2124 1274 2184 modo

154 2222 338 2283 adumbravi.
385 2222 480 2296 Quam
512 2223 717 2298 quaestionem
749 2224 790 2282 ita
819 2224 975 2284 instituere
1006 2226 1071 2284 misi
1101 2226 1197 2285 visum
1220 2230 1275 2305 est,

153 2329 187 2386 ut
207 2327 333 2403 primum
350 2326 484 2386 Henneni
506 2325 640 2402 vestigiis
662 2327 837 2386 insisterem.
867 2328 945 2386 Nam
970 2346 1036 2387 oum
1061 2329 1275 2402 Auqastulium

156 2434 186 2489 et
207 2430 336 2488 sevirum
359 2428 487 2505 collegia
509 2433 542 2487 ut
564 2431 642 2488 statu
674 2429 715 2488 ita
745 2429 861 2505 origine
883 2429 971 2489 valde
1000 2431 1078 2489 inter
1108 2449 1140 2490 se
1166 2430 1275 2490 disere·

155 2551 227 2609 pare
249 2531 298 2591 ille
322 2531 441 2608 quidem
464 2531 593 2608 probare
616 2530 765 2591 studuerit
795 2550 850 2591 nee
880 2533 984 2609 paneis
1007 2534 1096 2592 etiam
1119 2551 1276 2609 persuase-

155 2637 202 2713 rit,
223 2635 396 2710 priusquam
420 2633 492 2710 quid
515 2634 579 2710 ipse
602 2633 728 2693 sentiam
753 2653 910 2713 exponam,
933 2636 962 2694 in
986 2653 1048 2695 rem
1065 2635 1121 2695 erit
1135 2637 1277 2713 rationes,

155 2738 264 2815 quibus
286 2737 333 2797 ille
356 2736 527 2812 opinionem
550 2754 633 2795 suam
657 2735 749 2815 fulsit,
771 2739 949 2797 examinare.

239 2841 342 2916 Atque
380 2838 534 2899 exordium
572 2838 693 2915 quidem
729 2841 996 2916 argumentationis
1032 2841 1196 2900 Hennenus
1232 2839 1275 2898 ita
1293 2864 1316 2924 a)
1335 2861 1463 2909 Rationes

155 2941 234 3020 feeit,
256 2946 290 3000 ut
312 2941 419 3001 alieubi
442 2939 535 3002 fuisse
558 2942 688 3018 eollegia
709 2941 840 3001 sevirum
861 2942 1110 3018 Augustaliumve
1132 2942 1218 3001 aliter
1241 2960 1276 3000 ae
1311 2929 1451 2993 generales.

156 3043 382 3121 supradictum
404 3047 450 3103 est
472 3044 636 3103 constituta
665 3045 700 3102 in
723 3045 932 3105 universum
960 3048 1114 3104 statueret.
1158 3043 1225 3117 Quo
1247 3046 1277 3104 in

160 3147 280 3223 negotio
303 3146 482 3206 documento
505 3163 577 3205 usus
600 3152 645 3206 est
666 3147 793 3224 primum
822 3147 909 3206 titulo
936 3165 1028 3224 supra
1039 3145 1062 3219 1)
1084 3147 1279 3224 transsumpto

157 3248 259 3318 0r.·H.
284 3253 364 3310 7101
396 3247 449 3322 (=
472 3249 572 3308 Wilm.
597 3249 708 3327 2077),
738 3250 817 3309 uude
848 3249 977 3310 eonfeeit
1012 3255 1126 3326 partem
1166 3249 1277 3309 ordinis
1296 3269 1471 3331 0r.·H.7101.

158 3351 369 3429 Augustalium
392 3351 511 3411 Verulis
534 3354 701 3412 constitisse
725 3371 762 3412 ex
785 3352 928 3411 eiusmodi
953 3352 1133 3430 bominibus,
1162 3353 1212 3427 qui
1236 3369 1279 3410 se·

158 3455 258 3514 viratu
281 3474 340 3514 non
364 3458 465 3514 essent
487 3454 590 3516 iuneti.
633 3456 844 3515 Verumtamen
875 3455 953 3514 hane
982 3456 1152 3531 opinionem
1184 3454 1280 3513 virum

160 3557 363 3617 doctissimum
392 3557 535 3617 fefellisse
565 3575 658 3634 supra
689 3557 966 3617 demonstravimus.
977 3554 1001 3629 ²)
1052 3556 1191 3616 Secundo
1215 3556 1281 3614 loeo

159 3660 293 3720 adhibuit
314 3659 483 3738 fragmenta
506 3660 649 3719 fastorum
672 3661 764 3719 variis
793 3659 830 3719 de
854 3661 966 3719 caussis
994 3658 1196 3719 memorabilia
1218 3656 1281 3717 Or.-

158 3763 196 3821 Η.
218 3764 309 3822 ures.
354 3761 441 3836 ouon
463 3762 503 3821 su
527 3762 652 3822 dieitur:
689 3762 764 3820 uu
776 3764 872 3836 prims·
901 3763 1005 3820 natue
1033 3744 1471 3839 Jozoae'uuaost.01‚.fl,71⁶5,

101 3903 107 3912 -
160 3909 199 3923 ..
228 3881 330 3924 cenom
362 3862 602 3937 decumoaiitas)
640 3869 669 3923 et
702 3862 945 3939 nordoardus]
978 3863 1143 3934 dederuut;
1180 3877 1282 3921 eorum

158 3968 253 4026 sevirr'
277 3965 409 4039 [munus]
430 3967 552 4039 familia
573 3964 785 4041 alodialioriu)
808 3963 1002 4043 [cameruost
1021 3967 1073 4025 vix
1087 3983 1174 4043 posse
1190 3965 1283 4041 serip-

159 4073 221 4129 tum
245 4088 310 4131 esse
333 4074 438 4131 censet
464 4086 565 4130 eorum
594 4072 703 4147 seuiri,
733 4071 790 4129 nisi
821 4070 909 4128 sevini
940 4069 977 4128 ab
1007 4071 1088 4129 initio
1096 4065 1120 4140 ³)
1157 4068 1284 4128 fuissent

248 4303 462 4370 bnwmffi.
636 4303 782 4370 bewe

246 4389 270 4455 ³)
288 4387 384 4450 „aneo
402 4385 528 4443 undaro
548 4385 649 4442 undull
662 4387 718 4458 seir
735 4401 838 4440 aaron
856 4403 976 4440 aaoame
988 4383 1282 4456 ursprdaqls'oder

160 4472 400 4543 vorstaodsebast
414 4477 523 4544 quadri
540 4478 591 4527 eto.
609 4489 636 4540 p.
652 4476 707 4526 199.
1193 4488 1195 4492 ⁴

1061 4578 1077 4624 ³
