<?xml version="1.0" encoding="UTF-8"?>
<!DOCTYPE html PUBLIC "-//W3C//DTD XHTML 1.0 Transitional//EN"
    "http://www.w3.org/TR/xhtml1/DTD/xhtml1-transitional.dtd">
<html xmlns="http://www.w3.org/1999/xhtml" xml:lang="en" lang="en">
 <head>
  <title>
</title>
<meta http-equiv="Content-Type" content="text/html;charset=utf-8" />
  <meta name='ocr-system' content='tesseract 3.04.00' />
  <meta name='ocr-capabilities' content='ocr_page ocr_carea ocr_par ocr_line ocrx_word'/>
</head>
<body>
  <div class='ocr_page' id='page_1' title='image "./desevirisaugust00schmgoog_0063.png"; bbox 0 0 3142 5138; ppageno 0'>
   <div class='ocr_carea' id='block_1_1' title="bbox 1227 491 1266 549">
    <p class='ocr_par' dir='ltr' id='par_1_1' title="bbox 1227 491 1266 549">
     <span class='ocr_line' id='line_1_1' title="bbox 1227 491 1266 549; baseline 0 0"><span class='ocrx_word' id='word_1_1' title='bbox 1227 491 1266 549; x_wconf 88' lang='grc'>37</span> 
     </span>
    </p>
   </div>
   <div class='ocr_carea' id='block_1_2' title="bbox 142 664 1515 1361">
    <p class='ocr_par' dir='ltr' id='par_1_2' title="bbox 142 664 1515 1361">
     <span class='ocr_line' id='line_1_2' title="bbox 143 664 1269 744; baseline -0.004 -18"><span class='ocrx_word' id='word_1_2' title='bbox 143 670 260 727; x_wconf 89' lang='lat' dir='ltr'>canstat</span> <span class='ocrx_word' id='word_1_3' title='bbox 281 667 457 726; x_wconf 83' lang='lat' dir='ltr'>Hennenum</span> <span class='ocrx_word' id='word_1_4' title='bbox 479 683 614 744; x_wconf 87' lang='lat' dir='ltr'>errasse,</span> <span class='ocrx_word' id='word_1_5' title='bbox 644 684 711 725; x_wconf 92' lang='lat' dir='ltr'>cum</span> <span class='ocrx_word' id='word_1_6' title='bbox 734 665 792 725; x_wconf 95' lang='lat' dir='ltr'>hoc</span> <span class='ocrx_word' id='word_1_7' title='bbox 814 667 1025 742; x_wconf 74' lang='lat' dir='ltr'><strong>argumentum</strong></span> <span class='ocrx_word' id='word_1_8' title='bbox 1047 683 1066 723; x_wconf 89' lang='lat' dir='ltr'>a</span> <span class='ocrx_word' id='word_1_9' title='bbox 1089 664 1269 740; x_wconf 88' lang='lat' dir='ltr'>magistrati-</span> 
     </span>
     <span class='ocr_line' id='line_1_3' title="bbox 143 765 1269 847; baseline -0.005 -17"><span class='ocrx_word' id='word_1_10' title='bbox 143 770 199 830; x_wconf 92' lang='lat' dir='ltr'>bus</span> <span class='ocrx_word' id='word_1_11' title='bbox 220 771 380 847; x_wconf 90' lang='lat' dir='ltr'>repetitum</span> <span class='ocrx_word' id='word_1_12' title='bbox 403 773 555 846; x_wconf 81' lang='lat' dir='ltr'>tamquam</span> <span class='ocrx_word' id='word_1_13' title='bbox 578 769 727 846; x_wconf 81' lang='lat' dir='ltr'>opinionis</span> <span class='ocrx_word' id='word_1_14' title='bbox 749 787 822 828; x_wconf 90' lang='lat' dir='ltr'>suae</span> <span class='ocrx_word' id='word_1_15' title='bbox 844 768 1055 828; x_wconf 76' lang='lat' dir='ltr'>adminiculum</span> <span class='ocrx_word' id='word_1_16' title='bbox 1076 765 1269 842; x_wconf 85' lang='lat' dir='ltr'>confingeret</span> 
     </span>
     <span class='ocr_line' id='line_1_4' title="bbox 227 860 1515 947; baseline -0.005 -14"><span class='ocrx_word' id='word_1_17' title='bbox 227 873 287 933; x_wconf 83' lang='lat' dir='ltr'>Sed</span> <span class='ocrx_word' id='word_1_18' title='bbox 302 873 388 932; x_wconf 92' lang='lat' dir='ltr'>nobis</span> <span class='ocrx_word' id='word_1_19' title='bbox 405 891 464 932; x_wconf 91' lang='lat' dir='ltr'>non</span> <span class='ocrx_word' id='word_1_20' title='bbox 480 876 525 932; x_wconf 93' lang='lat' dir='ltr'>est</span> <span class='ocrx_word' id='word_1_21' title='bbox 541 872 785 933; x_wconf 89' lang='lat' dir='ltr'>satishabendum</span> <span class='ocrx_word' id='word_1_22' title='bbox 808 871 887 930; x_wconf 91' lang='lat' dir='ltr'>illius</span> <span class='ocrx_word' id='word_1_23' title='bbox 910 871 1061 947; x_wconf 89' lang='lat' dir='ltr'>impetum,</span> <span class='ocrx_word' id='word_1_24' title='bbox 1082 874 1116 929; x_wconf 96' lang='lat' dir='ltr'>ut</span> <span class='ocrx_word' id='word_1_25' title='bbox 1136 869 1265 945; x_wconf 75' lang='lat' dir='ltr'>imagine</span> <span class='ocrx_word' id='word_1_26' title='bbox 1283 878 1387 927; x_wconf 75' lang='lat' dir='ltr'>Praeter</span> <span class='ocrx_word' id='word_1_27' title='bbox 1395 878 1475 941; x_wconf 46' lang='lat' dir='ltr'>illos,</span> <span class='ocrx_word' id='word_1_28' title='bbox 1514 860 1515 863; x_wconf 47' lang='lat'>&#39;</span> 
     </span>
     <span class='ocr_line' id='line_1_5' title="bbox 144 945 1462 1064; baseline -0.003 -29"><span class='ocrx_word' id='word_1_29' title='bbox 144 979 220 1052; x_wconf 89' lang='lat' dir='ltr'>utar,</span> <span class='ocrx_word' id='word_1_30' title='bbox 243 974 428 1061; x_wconf 75' lang='lat' dir='ltr'>defendisse,</span> <span class='ocrx_word' id='word_1_31' title='bbox 450 977 537 1035; x_wconf 94' lang='lat' dir='ltr'>immo</span> <span class='ocrx_word' id='word_1_32' title='bbox 561 976 623 1035; x_wconf 91' lang='lat' dir='ltr'>suis</span> <span class='ocrx_word' id='word_1_33' title='bbox 645 975 738 1053; x_wconf 92' lang='lat' dir='ltr'>ipsius</span> <span class='ocrx_word' id='word_1_34' title='bbox 760 975 850 1033; x_wconf 88' lang='lat' dir='ltr'>armis</span> <span class='ocrx_word' id='word_1_35' title='bbox 873 955 1113 1049; x_wconf 87' lang='lat' dir='ltr'>mihipetendus</span> <span class='ocrx_word' id='word_1_36' title='bbox 1136 945 1462 1064; x_wconf 55' lang='lat' dir='ltr'>videtur.,²,¹lisie¹x¹¹s²ffi{{¹,}&#39;,</span> 
     </span>
     <span class='ocr_line' id='line_1_6' title="bbox 142 1075 1452 1155; baseline -0.003 -18"><span class='ocrx_word' id='word_1_37' title='bbox 142 1079 281 1155; x_wconf 84' lang='lat' dir='ltr'>Namque</span> <span class='ocrx_word' id='word_1_38' title='bbox 314 1080 344 1137; x_wconf 92' lang='lat' dir='ltr'>in</span> <span class='ocrx_word' id='word_1_39' title='bbox 381 1076 582 1155; x_wconf 87' lang='lat' dir='ltr'>quadraginta</span> <span class='ocrx_word' id='word_1_40' title='bbox 618 1077 689 1138; x_wconf 83' lang='lat' dir='ltr'>tere·</span> <span class='ocrx_word' id='word_1_41' title='bbox 716 1077 833 1154; x_wconf 87' lang='lat' dir='ltr'>oppidis</span> <span class='ocrx_word' id='word_1_42' title='bbox 863 1077 949 1152; x_wconf 84' lang='lat' dir='ltr'>reg&#39;ni</span> <span class='ocrx_word' id='word_1_43' title='bbox 978 1075 1171 1151; x_wconf 79' lang='lat' dir='ltr'>Neapolitani</span> <span class='ocrx_word' id='word_1_44' title='bbox 1208 1092 1264 1134; x_wconf 89' lang='lat' dir='ltr'>nec</span> <span class='ocrx_word' id='word_1_45' title='bbox 1281 1098 1386 1132; x_wconf 85' lang='lat' dir='ltr'>necesse</span> <span class='ocrx_word' id='word_1_46' title='bbox 1405 1090 1452 1133; x_wconf 85' lang='lat' dir='ltr'>est.</span> 
     </span>
     <span class='ocr_line' id='line_1_7' title="bbox 143 1177 1266 1257; baseline -0.004 -17"><span class='ocrx_word' id='word_1_47' title='bbox 143 1182 240 1240; x_wconf 92' lang='lat' dir='ltr'>minus</span> <span class='ocrx_word' id='word_1_48' title='bbox 261 1183 291 1253; x_wconf 86' lang='lat' dir='ltr'>in</span> <span class='ocrx_word' id='word_1_49' title='bbox 307 1181 463 1241; x_wconf 80' lang='lat' dir='ltr'>Lusitania</span> <span class='ocrx_word' id='word_1_50' title='bbox 484 1181 578 1245; x_wconf 81' lang='lat' dir='ltr'>Dacia</span> <span class='ocrx_word' id='word_1_51' title='bbox 600 1182 707 1241; x_wconf 88' lang='lat' dir='ltr'>ceteris</span> <span class='ocrx_word' id='word_1_52' title='bbox 729 1180 913 1257; x_wconf 85' lang='lat' dir='ltr'>regionibus,</span> <span class='ocrx_word' id='word_1_53' title='bbox 935 1178 984 1238; x_wconf 92' lang='lat' dir='ltr'>ubi</span> <span class='ocrx_word' id='word_1_54' title='bbox 1003 1179 1188 1252; x_wconf 88' lang='lat' dir='ltr'>Augustales</span> <span class='ocrx_word' id='word_1_55' title='bbox 1209 1177 1266 1237; x_wconf 90' lang='lat' dir='ltr'>soli</span> 
     </span>
     <span class='ocr_line' id='line_1_8' title="bbox 143 1279 1268 1361; baseline -0.004 -18"><span class='ocrx_word' id='word_1_56' title='bbox 143 1284 343 1361; x_wconf 89' lang='lat' dir='ltr'>reperiuntur,</span> <span class='ocrx_word' id='word_1_57' title='bbox 364 1283 452 1344; x_wconf 91' lang='lat' dir='ltr'>huius</span> <span class='ocrx_word' id='word_1_58' title='bbox 474 1282 554 1343; x_wconf 93' lang='lat' dir='ltr'>modi</span> <span class='ocrx_word' id='word_1_59' title='bbox 576 1284 803 1360; x_wconf 78' lang='lat' dir='ltr'>magistratuum</span> <span class='ocrx_word' id='word_1_60' title='bbox 826 1299 923 1359; x_wconf 91' lang='lat' dir='ltr'>usque</span> <span class='ocrx_word' id='word_1_61' title='bbox 946 1281 984 1340; x_wconf 88' lang='lat' dir='ltr'>ad</span> <span class='ocrx_word' id='word_1_62' title='bbox 999 1281 1080 1340; x_wconf 91' lang='lat' dir='ltr'>hunc</span> <span class='ocrx_word' id='word_1_63' title='bbox 1095 1280 1171 1339; x_wconf 95' lang='lat' dir='ltr'>diem</span> <span class='ocrx_word' id='word_1_64' title='bbox 1187 1279 1268 1339; x_wconf 90' lang='lat' dir='ltr'>nulla</span> 
     </span>
    </p>
   </div>
   <div class='ocr_carea' id='block_1_3' title="bbox 142 1383 1267 1463">
    <p class='ocr_par' dir='ltr' id='par_1_3' title="bbox 142 1383 1267 1463">
     <span class='ocr_line' id='line_1_9' title="bbox 142 1383 1267 1463; baseline -0.004 -17"><span class='ocrx_word' id='word_1_65' title='bbox 142 1385 321 1463; x_wconf 91' lang='lat' dir='ltr'>prodierunt</span> <span class='ocrx_word' id='word_1_66' title='bbox 343 1385 486 1463; x_wconf 82' lang='lat' dir='ltr'>exempla.</span> <span class='ocrx_word' id='word_1_67' title='bbox 531 1385 619 1446; x_wconf 91' lang='lat' dir='ltr'>Unde</span> <span class='ocrx_word' id='word_1_68' title='bbox 640 1386 706 1445; x_wconf 92' lang='lat' dir='ltr'>veri</span> <span class='ocrx_word' id='word_1_69' title='bbox 727 1385 821 1445; x_wconf 88' lang='lat' dir='ltr'>simile</span> <span class='ocrx_word' id='word_1_70' title='bbox 852 1389 897 1444; x_wconf 89' lang='lat' dir='ltr'>est</span> <span class='ocrx_word' id='word_1_71' title='bbox 925 1384 1116 1460; x_wconf 77' lang='lat' dir='ltr'>magistratus</span> <span class='ocrx_word' id='word_1_72' title='bbox 1144 1383 1187 1442; x_wconf 88' lang='lat' dir='ltr'>ita</span> <span class='ocrx_word' id='word_1_73' title='bbox 1214 1401 1267 1442; x_wconf 93' lang='lat' dir='ltr'>no·</span> 
     </span>
    </p>
   </div>
   <div class='ocr_carea' id='block_1_4' title="bbox 42 1487 1266 1565">
    <p class='ocr_par' dir='ltr' id='par_1_4' title="bbox 42 1487 1266 1565">
     <span class='ocr_line' id='line_1_10' title="bbox 42 1487 1266 1565; baseline -0.001 -21"><span class='ocrx_word' id='word_1_74' title='bbox 42 1541 44 1544; x_wconf 80' lang='grc'>.</span> <span class='ocrx_word' id='word_1_75' title='bbox 142 1488 269 1549; x_wconf 91' lang='lat' dir='ltr'>minatos</span> <span class='ocrx_word' id='word_1_76' title='bbox 302 1489 331 1548; x_wconf 92' lang='lat' dir='ltr'>in</span> <span class='ocrx_word' id='word_1_77' title='bbox 365 1488 519 1565; x_wconf 89' lang='lat' dir='ltr'>plerisque</span> <span class='ocrx_word' id='word_1_78' title='bbox 550 1488 668 1548; x_wconf 93' lang='lat' dir='ltr'>illorum</span> <span class='ocrx_word' id='word_1_79' title='bbox 700 1487 880 1564; x_wconf 88' lang='lat' dir='ltr'>oppidorum</span> <span class='ocrx_word' id='word_1_80' title='bbox 911 1487 1175 1564; x_wconf 88' lang='lat' dir='ltr'>provinciarumve</span> <span class='ocrx_word' id='word_1_81' title='bbox 1205 1503 1266 1545; x_wconf 92' lang='lat' dir='ltr'>non</span> 
     </span>
    </p>
   </div>
   <div class='ocr_carea' id='block_1_5' title="bbox 51 1587 1520 4148">
    <p class='ocr_par' dir='ltr' id='par_1_5' title="bbox 145 1587 1265 1668">
     <span class='ocr_line' id='line_1_11' title="bbox 145 1587 1265 1668; baseline -0.002 -18"><span class='ocrx_word' id='word_1_82' title='bbox 145 1592 302 1650; x_wconf 83' lang='lat' dir='ltr'>exstitisse.</span> <span class='ocrx_word' id='word_1_83' title='bbox 345 1591 386 1650; x_wconf 84' lang='lat' dir='ltr'>nt</span> <span class='ocrx_word' id='word_1_84' title='bbox 407 1592 620 1667; x_wconf 84' lang='lat' dir='ltr'>Augustalium</span> <span class='ocrx_word' id='word_1_85' title='bbox 643 1591 771 1668; x_wconf 89' lang='lat' dir='ltr'>collegia</span> <span class='ocrx_word' id='word_1_86' title='bbox 801 1591 880 1650; x_wconf 93' lang='lat' dir='ltr'>omni</span> <span class='ocrx_word' id='word_1_87' title='bbox 903 1607 1013 1666; x_wconf 88' lang='lat' dir='ltr'>genere</span> <span class='ocrx_word' id='word_1_88' title='bbox 1044 1594 1103 1649; x_wconf 91' lang='lat' dir='ltr'>tam</span> <span class='ocrx_word' id='word_1_89' title='bbox 1127 1587 1265 1648; x_wconf 89' lang='lat' dir='ltr'>sacerdo-</span> 
     </span>
    </p>

    <p class='ocr_par' dir='ltr' id='par_1_6' title="bbox 142 1685 1266 1770">
     <span class='ocr_line' id='line_1_12' title="bbox 142 1685 1266 1770; baseline -0.004 -17"><span class='ocrx_word' id='word_1_90' title='bbox 142 1685 208 1753; x_wconf 92' lang='lat' dir='ltr'>tum</span> <span class='ocrx_word' id='word_1_91' title='bbox 229 1712 317 1770; x_wconf 90' lang='lat' dir='ltr'>quam</span> <span class='ocrx_word' id='word_1_92' title='bbox 341 1695 549 1770; x_wconf 88' lang='lat' dir='ltr'>magistrorum</span> <span class='ocrx_word' id='word_1_93' title='bbox 578 1695 767 1770; x_wconf 91' lang='lat' dir='ltr'>propriorum</span> <span class='ocrx_word' id='word_1_94' title='bbox 798 1693 837 1752; x_wconf 92' lang='lat' dir='ltr'>ibi</span> <span class='ocrx_word' id='word_1_95' title='bbox 872 1693 1004 1752; x_wconf 91' lang='lat' dir='ltr'>caruisse</span> <span class='ocrx_word' id='word_1_96' title='bbox 1026 1692 1077 1750; x_wconf 83' lang='lat' dir='ltr'>vix</span> <span class='ocrx_word' id='word_1_97' title='bbox 1106 1691 1266 1768; x_wconf 91' lang='lat' dir='ltr'>quisquam</span> 
     </span>
    </p>

    <p class='ocr_par' dir='ltr' id='par_1_7' title="bbox 143 1788 1277 1874">
     <span class='ocr_line' id='line_1_13' title="bbox 143 1788 1277 1874; baseline -0.004 -17"><span class='ocrx_word' id='word_1_98' title='bbox 143 1797 294 1874; x_wconf 78' lang='lat' dir='ltr'>cogitabit</span> <span class='ocrx_word' id='word_1_99' title='bbox 338 1798 417 1872; x_wconf 83' lang='lat' dir='ltr'>Ergo</span> <span class='ocrx_word' id='word_1_100' title='bbox 440 1797 576 1872; x_wconf 86' lang='lat' dir='ltr'>proclive</span> <span class='ocrx_word' id='word_1_101' title='bbox 599 1801 644 1856; x_wconf 91' lang='lat' dir='ltr'>est</span> <span class='ocrx_word' id='word_1_102' title='bbox 664 1796 746 1856; x_wconf 91' lang='lat' dir='ltr'>dictu</span> <span class='ocrx_word' id='word_1_103' title='bbox 769 1814 820 1856; x_wconf 94' lang='lat' dir='ltr'>eos</span> <span class='ocrx_word' id='word_1_104' title='bbox 842 1795 898 1856; x_wconf 89' lang='lat' dir='ltr'>snb</span> <span class='ocrx_word' id='word_1_105' title='bbox 914 1788 1124 1869; x_wconf 88' lang='lat' dir='ltr'>Augustalium</span> <span class='ocrx_word' id='word_1_106' title='bbox 1146 1794 1277 1862; x_wconf 72' lang='lat' dir='ltr'>nomine,</span> 
     </span>
    </p>

    <p class='ocr_par' dir='ltr' id='par_1_8' title="bbox 142 1897 1462 2182">
     <span class='ocr_line' id='line_1_14' title="bbox 142 1897 1459 1978; baseline -0.008 -20"><span class='ocrx_word' id='word_1_107' title='bbox 142 1901 267 1959; x_wconf 90' lang='lat' dir='ltr'>latitare.</span> <span class='ocrx_word' id='word_1_108' title='bbox 312 1899 450 1959; x_wconf 83' lang='lat' dir='ltr'>Ceterum</span> <span class='ocrx_word' id='word_1_109' title='bbox 480 1898 557 1957; x_wconf 84' lang='lat' dir='ltr'>infra</span> <span class='ocrx_word' id='word_1_110' title='bbox 587 1899 700 1960; x_wconf 82' lang='lat' dir='ltr'>docebo</span> <span class='ocrx_word' id='word_1_111' title='bbox 730 1898 961 1975; x_wconf 90' lang='lat' dir='ltr'>quinquennalis</span> <span class='ocrx_word' id='word_1_112' title='bbox 994 1897 1140 1957; x_wconf 89' lang='lat' dir='ltr'>curatoris</span> <span class='ocrx_word' id='word_1_113' title='bbox 1171 1915 1261 1973; x_wconf 90' lang='lat' dir='ltr'>quae·</span> <span class='ocrx_word' id='word_1_114' title='bbox 1273 1901 1331 1978; x_wconf 81' lang='lat' dir='ltr'>Hoc</span> <span class='ocrx_word' id='word_1_115' title='bbox 1344 1899 1459 1978; x_wconf 70' lang='lat' dir='ltr'>postulat</span> 
     </span>
     <span class='ocr_line' id='line_1_15' title="bbox 142 1968 1462 2086; baseline -0.004 -24"><span class='ocrx_word' id='word_1_116' title='bbox 142 2003 230 2062; x_wconf 88' lang='lat' dir='ltr'>storis</span> <span class='ocrx_word' id='word_1_117' title='bbox 253 2003 382 2062; x_wconf 90' lang='lat' dir='ltr'>honores</span> <span class='ocrx_word' id='word_1_118' title='bbox 404 2020 463 2061; x_wconf 91' lang='lat' dir='ltr'>non</span> <span class='ocrx_word' id='word_1_119' title='bbox 487 2002 666 2078; x_wconf 87' lang='lat' dir='ltr'>pertinuisse</span> <span class='ocrx_word' id='word_1_120' title='bbox 690 2001 727 2060; x_wconf 94' lang='lat' dir='ltr'>ad</span> <span class='ocrx_word' id='word_1_121' title='bbox 750 2019 875 2061; x_wconf 88' lang='lat' dir='ltr'>munera</span> <span class='ocrx_word' id='word_1_122' title='bbox 897 1999 1047 2079; x_wconf 91' lang='lat' dir='ltr'>publica</span> <span class='ocrx_word' id='word_1_123' title='bbox 1080 1999 1133 2060; x_wconf 90' lang='lat' dir='ltr'>sed</span> <span class='ocrx_word' id='word_1_124' title='bbox 1156 2000 1194 2059; x_wconf 89' lang='lat' dir='ltr'>ad</span> <span class='ocrx_word' id='word_1_125' title='bbox 1218 1968 1462 2086; x_wconf 49' lang='lat' dir='ltr'>metranmtrllllroamm</span> 
     </span>
     <span class='ocr_line' id='line_1_16' title="bbox 142 2102 1266 2182; baseline -0.003 -18"><span class='ocrx_word' id='word_1_126' title='bbox 142 2105 254 2165; x_wconf 87' lang='lat' dir='ltr'>ordinis</span> <span class='ocrx_word' id='word_1_127' title='bbox 276 2106 448 2165; x_wconf 90' lang='lat' dir='ltr'>internas</span> <span class='ocrx_word' id='word_1_128' title='bbox 471 2105 633 2182; x_wconf 65' lang='lat' dir='ltr'>curandam</span> <span class='ocrx_word' id='word_1_129' title='bbox 656 2124 744 2182; x_wconf 89' lang='lat' dir='ltr'>quam</span> <span class='ocrx_word' id='word_1_130' title='bbox 768 2105 891 2165; x_wconf 91' lang='lat' dir='ltr'>obrem</span> <span class='ocrx_word' id='word_1_131' title='bbox 914 2105 940 2163; x_wconf 90' lang='lat' dir='ltr'>ei</span> <span class='ocrx_word' id='word_1_132' title='bbox 958 2104 1077 2181; x_wconf 91' lang='lat' dir='ltr'>quidem</span> <span class='ocrx_word' id='word_1_133' title='bbox 1100 2105 1137 2164; x_wconf 89' lang='lat' dir='ltr'>ab</span> <span class='ocrx_word' id='word_1_134' title='bbox 1153 2102 1266 2162; x_wconf 89' lang='lat' dir='ltr'>ordinis</span> 
     </span>
    </p>

    <p class='ocr_par' dir='ltr' id='par_1_9' title="bbox 143 2206 1266 2284">
     <span class='ocr_line' id='line_1_17' title="bbox 143 2206 1266 2284; baseline -0.004 -16"><span class='ocrx_word' id='word_1_135' title='bbox 143 2208 243 2282; x_wconf 90' lang='lat' dir='ltr'>sociis,</span> <span class='ocrx_word' id='word_1_136' title='bbox 265 2225 325 2267; x_wconf 95' lang='lat' dir='ltr'>non</span> <span class='ocrx_word' id='word_1_137' title='bbox 348 2226 365 2265; x_wconf 98' lang='lat' dir='ltr'>a</span> <span class='ocrx_word' id='word_1_138' title='bbox 389 2207 600 2268; x_wconf 88' lang='lat' dir='ltr'>decurionibus</span> <span class='ocrx_word' id='word_1_139' title='bbox 629 2208 723 2267; x_wconf 89' lang='lat' dir='ltr'>creati</span> <span class='ocrx_word' id='word_1_140' title='bbox 753 2213 832 2267; x_wconf 89' lang='lat' dir='ltr'>sunt.</span> <span class='ocrx_word' id='word_1_141' title='bbox 876 2209 957 2284; x_wconf 82' lang='lat' dir='ltr'>Ergo</span> <span class='ocrx_word' id='word_1_142' title='bbox 984 2210 1141 2283; x_wconf 89' lang='lat' dir='ltr'>praeterea</span> <span class='ocrx_word' id='word_1_143' title='bbox 1168 2206 1266 2283; x_wconf 93' lang='lat' dir='ltr'>requi-</span> 
     </span>
    </p>

    <p class='ocr_par' dir='ltr' id='par_1_10' title="bbox 140 2308 1267 2497">
     <span class='ocr_line' id='line_1_18' title="bbox 141 2308 1267 2388; baseline -0.001 -19"><span class='ocrx_word' id='word_1_144' title='bbox 141 2310 291 2388; x_wconf 84' lang='lat' dir='ltr'>rebantur,</span> <span class='ocrx_word' id='word_1_145' title='bbox 314 2311 366 2386; x_wconf 91' lang='lat' dir='ltr'>qui</span> <span class='ocrx_word' id='word_1_146' title='bbox 388 2311 514 2386; x_wconf 92' lang='lat' dir='ltr'>publicis</span> <span class='ocrx_word' id='word_1_147' title='bbox 535 2310 748 2386; x_wconf 85' lang='lat' dir='ltr'>Augustalium</span> <span class='ocrx_word' id='word_1_148' title='bbox 772 2310 943 2370; x_wconf 86' lang='lat' dir='ltr'>muneribus</span> <span class='ocrx_word' id='word_1_149' title='bbox 966 2309 1057 2369; x_wconf 93' lang='lat' dir='ltr'>multo</span> <span class='ocrx_word' id='word_1_150' title='bbox 1080 2308 1267 2386; x_wconf 86' lang='lat' dir='ltr'>gravioribus</span> 
     </span>
     <span class='ocr_line' id='line_1_19' title="bbox 140 2411 937 2497; baseline 0.001 -26"><span class='ocrx_word' id='word_1_151' title='bbox 140 2412 350 2497; x_wconf 83' lang='lat' dir='ltr'>fungerentur,</span> <span class='ocrx_word' id='word_1_152' title='bbox 366 2413 511 2473; x_wconf 91' lang='lat' dir='ltr'>nimirum</span> <span class='ocrx_word' id='word_1_153' title='bbox 534 2432 552 2472; x_wconf 93' lang='lat' dir='ltr'>a</span> <span class='ocrx_word' id='word_1_154' title='bbox 574 2412 785 2473; x_wconf 89' lang='lat' dir='ltr'>decurionibus</span> <span class='ocrx_word' id='word_1_155' title='bbox 808 2414 905 2473; x_wconf 87' lang='lat' dir='ltr'>electi.</span> <span class='ocrx_word' id='word_1_156' title='bbox 915 2411 937 2485; x_wconf 84' lang='lat'>¹)</span> 
     </span>
    </p>

    <p class='ocr_par' dir='ltr' id='par_1_11' title="bbox 139 2513 1520 2892">
     <span class='ocr_line' id='line_1_20' title="bbox 225 2513 1427 2593; baseline -0.002 -19"><span class='ocrx_word' id='word_1_157' title='bbox 225 2516 360 2575; x_wconf 79' lang='lat' dir='ltr'>Tertium</span> <span class='ocrx_word' id='word_1_158' title='bbox 384 2516 533 2593; x_wconf 92' lang='lat' dir='ltr'>opinionis</span> <span class='ocrx_word' id='word_1_159' title='bbox 556 2533 628 2574; x_wconf 89' lang='lat' dir='ltr'>suae</span> <span class='ocrx_word' id='word_1_160' title='bbox 650 2519 858 2592; x_wconf 86' lang='lat' dir='ltr'>argumentum</span> <span class='ocrx_word' id='word_1_161' title='bbox 875 2517 1037 2575; x_wconf 87' lang='lat' dir='ltr'>Hennenus</span> <span class='ocrx_word' id='word_1_162' title='bbox 1059 2533 1095 2575; x_wconf 88' lang='lat' dir='ltr'>eo</span> <span class='ocrx_word' id='word_1_163' title='bbox 1115 2514 1261 2574; x_wconf 88' lang='lat' dir='ltr'>contineri</span> <span class='ocrx_word' id='word_1_164' title='bbox 1310 2513 1427 2561; x_wconf 82' lang='lat' dir='ltr'>Henzeni</span> 
     </span>
     <span class='ocr_line' id='line_1_21' title="bbox 139 2588 1442 2699; baseline -0.002 -20"><span class='ocrx_word' id='word_1_165' title='bbox 139 2622 223 2679; x_wconf 91' lang='lat' dir='ltr'>ratus</span> <span class='ocrx_word' id='word_1_166' title='bbox 245 2621 298 2696; x_wconf 92' lang='lat' dir='ltr'>est,</span> <span class='ocrx_word' id='word_1_167' title='bbox 321 2618 408 2695; x_wconf 90' lang='lat' dir='ltr'>quod·</span> <span class='ocrx_word' id='word_1_168' title='bbox 424 2613 563 2695; x_wconf 86' lang='lat' dir='ltr'>munera,</span> <span class='ocrx_word' id='word_1_169' title='bbox 591 2618 699 2693; x_wconf 89' lang='lat' dir='ltr'>quibus</span> <span class='ocrx_word' id='word_1_170' title='bbox 720 2616 789 2677; x_wconf 89' lang='lat' dir='ltr'>alibi</span> <span class='ocrx_word' id='word_1_171' title='bbox 811 2619 902 2677; x_wconf 86' lang='lat' dir='ltr'>seoiri</span> <span class='ocrx_word' id='word_1_172' title='bbox 923 2617 1007 2695; x_wconf 85' lang='lat' dir='ltr'>fungi</span> <span class='ocrx_word' id='word_1_173' title='bbox 1030 2617 1137 2694; x_wconf 88' lang='lat' dir='ltr'>solent,</span> <span class='ocrx_word' id='word_1_174' title='bbox 1164 2617 1195 2677; x_wconf 95' lang='lat' dir='ltr'>in</span> <span class='ocrx_word' id='word_1_175' title='bbox 1217 2618 1260 2676; x_wconf 89' lang='lat' dir='ltr'>eis</span> <span class='ocrx_word' id='word_1_176' title='bbox 1289 2588 1442 2699; x_wconf 44' lang='lat' dir='ltr'>tgggpummenet?</span> 
     </span>
     <span class='ocr_line' id='line_1_22' title="bbox 140 2702 1520 2799; baseline 0.002 -19"><span class='ocrx_word' id='word_1_177' title='bbox 140 2719 269 2799; x_wconf 90' lang='lat' dir='ltr'>oppidis,</span> <span class='ocrx_word' id='word_1_178' title='bbox 291 2719 341 2780; x_wconf 92' lang='lat' dir='ltr'>ubi</span> <span class='ocrx_word' id='word_1_179' title='bbox 364 2721 543 2795; x_wconf 70' lang='lat' dir='ltr'>Augustales</span> <span class='ocrx_word' id='word_1_180' title='bbox 565 2721 620 2780; x_wconf 90' lang='lat' dir='ltr'>soli</span> <span class='ocrx_word' id='word_1_181' title='bbox 642 2702 845 2798; x_wconf 77' lang='lat' dir='ltr'>inveniuntur,</span> <span class='ocrx_word' id='word_1_182' title='bbox 867 2721 913 2780; x_wconf 91' lang='lat' dir='ltr'>his</span> <span class='ocrx_word' id='word_1_183' title='bbox 934 2720 998 2781; x_wconf 86' lang='lat' dir='ltr'>fere</span> <span class='ocrx_word' id='word_1_184' title='bbox 1019 2711 1261 2792; x_wconf 54' lang='lat' dir='ltr'>‚attribuunturli</span> <span class='ocrx_word' id='word_1_185' title='bbox 1301 2725 1429 2793; x_wconf 69' lang='lat' dir='ltr'>quartum.</span> <span class='ocrx_word' id='word_1_186' title='bbox 1518 2731 1520 2735; x_wconf 81' lang='grc'>’</span> 
     </span>
     <span class='ocr_line' id='line_1_23' title="bbox 140 2822 1267 2892; baseline -0.004 -8"><span class='ocrx_word' id='word_1_187' title='bbox 140 2822 230 2884; x_wconf 87' lang='lat' dir='ltr'>Unde</span> <span class='ocrx_word' id='word_1_188' title='bbox 247 2841 366 2892; x_wconf 83' lang='lat' dir='ltr'>rursus</span> <span class='ocrx_word' id='word_1_189' title='bbox 399 2822 517 2883; x_wconf 88' lang='lat' dir='ltr'>conficit</span> <span class='ocrx_word' id='word_1_190' title='bbox 548 2825 663 2884; x_wconf 91' lang='lat' dir='ltr'>seviros</span> <span class='ocrx_word' id='word_1_191' title='bbox 694 2824 733 2883; x_wconf 94' lang='lat' dir='ltr'>ibi</span> <span class='ocrx_word' id='word_1_192' title='bbox 766 2822 905 2883; x_wconf 85' lang='lat' dir='ltr'>defuisse.</span> <span class='ocrx_word' id='word_1_193' title='bbox 956 2823 1000 2883; x_wconf 81' lang='lat' dir='ltr'>sis</span> <span class='ocrx_word' id='word_1_194' title='bbox 1029 2841 1100 2882; x_wconf 89' lang='lat' dir='ltr'>sane</span> <span class='ocrx_word' id='word_1_195' title='bbox 1128 2823 1177 2882; x_wconf 87' lang='lat' dir='ltr'>ita.</span> <span class='ocrx_word' id='word_1_196' title='bbox 1225 2822 1267 2881; x_wconf 85' lang='lat' dir='ltr'>At</span> 
     </span>
    </p>

    <p class='ocr_par' dir='ltr' id='par_1_12' title="bbox 51 2915 1460 4148">
     <span class='ocr_line' id='line_1_24' title="bbox 120 2915 1366 3003; baseline -0.002 -19"><span class='ocrx_word' id='word_1_197' title='bbox 120 2915 242 2985; x_wconf 44' lang='lat' dir='ltr'>&#39;nonne</span> <span class='ocrx_word' id='word_1_198' title='bbox 258 2923 344 2984; x_wconf 91' lang='lat' dir='ltr'>-inde</span> <span class='ocrx_word' id='word_1_199' title='bbox 367 2926 467 3001; x_wconf 91' lang='lat' dir='ltr'>potius</span> <span class='ocrx_word' id='word_1_200' title='bbox 489 2925 609 2986; x_wconf 90' lang='lat' dir='ltr'>videtur</span> <span class='ocrx_word' id='word_1_201' title='bbox 632 2924 832 3003; x_wconf 90' lang='lat' dir='ltr'>colligendum</span> <span class='ocrx_word' id='word_1_202' title='bbox 857 2927 1040 3000; x_wconf 70' lang='lat' dir='ltr'>Augustales</span> <span class='ocrx_word' id='word_1_203' title='bbox 1062 2925 1123 2984; x_wconf 90' lang='lat' dir='ltr'>illie</span> <span class='ocrx_word' id='word_1_204' title='bbox 1146 2925 1265 2984; x_wconf 92' lang='lat' dir='ltr'>omnino</span> <span class='ocrx_word' id='word_1_205' title='bbox 1356 2918 1366 2928; x_wconf 43' lang='lat'><em>³</em></span> 
     </span>
     <span class='ocr_line' id='line_1_25' title="bbox 140 3011 1266 3101; baseline -0.002 -15"><span class='ocrx_word' id='word_1_206' title='bbox 140 3030 272 3093; x_wconf 79' lang='lat' dir='ltr'>scutrum</span> <span class='ocrx_word' id='word_1_207' title='bbox 294 3027 390 3087; x_wconf 91' lang='lat' dir='ltr'>locum</span> <span class='ocrx_word' id='word_1_208' title='bbox 414 3027 584 3101; x_wconf 71' lang='lat' dir='ltr'>tenuisse?</span> <span class='ocrx_word' id='word_1_209' title='bbox 600 3029 770 3090; x_wconf 72' lang='lat' dir='ltr'>certissime</span> <span class='ocrx_word' id='word_1_210' title='bbox 785 3059 827 3067; x_wconf 94' lang='lat'><em>-</em></span> <span class='ocrx_word' id='word_1_211' title='bbox 849 3028 902 3088; x_wconf 89' lang='lat' dir='ltr'>ssd</span> <span class='ocrx_word' id='word_1_212' title='bbox 917 3011 1080 3088; x_wconf 85' lang='lat' dir='ltr'>Hennenns</span> <span class='ocrx_word' id='word_1_213' title='bbox 1102 3028 1179 3087; x_wconf 88' lang='lat' dir='ltr'>hanc</span> <span class='ocrx_word' id='word_1_214' title='bbox 1195 3044 1266 3086; x_wconf 92' lang='lat' dir='ltr'>con·</span> 
     </span>
     <span class='ocr_line' id='line_1_26' title="bbox 140 3125 1265 3218; baseline -0.002 -29"><span class='ocrx_word' id='word_1_215' title='bbox 140 3130 285 3218; x_wconf 84' lang='lat' dir='ltr'>lecturam</span> <span class='ocrx_word' id='word_1_216' title='bbox 309 3130 556 3208; x_wconf 90' lang='lat' dir='ltr'>simplicissimam</span> <span class='ocrx_word' id='word_1_217' title='bbox 578 3127 714 3192; x_wconf 81' lang='lat' dir='ltr'>invenire</span> <span class='ocrx_word' id='word_1_218' title='bbox 738 3125 798 3192; x_wconf 89' lang='lat' dir='ltr'>non</span> <span class='ocrx_word' id='word_1_219' title='bbox 821 3132 926 3210; x_wconf 87' lang='lat' dir='ltr'>potuit,</span> <span class='ocrx_word' id='word_1_220' title='bbox 948 3134 1051 3207; x_wconf 89' lang='lat' dir='ltr'>utpote</span> <span class='ocrx_word' id='word_1_221' title='bbox 1075 3131 1127 3207; x_wconf 91' lang='lat' dir='ltr'>qui</span> <span class='ocrx_word' id='word_1_222' title='bbox 1149 3145 1265 3188; x_wconf 90' lang='lat' dir='ltr'>annuos</span> 
     </span>
     <span class='ocr_line' id='line_1_27' title="bbox 51 3216 1265 3318; baseline 0.004 -32"><span class='ocrx_word' id='word_1_223' title='bbox 51 3279 57 3285; x_wconf 95' lang='lat'>.</span> <span class='ocrx_word' id='word_1_224' title='bbox 143 3248 198 3291; x_wconf 89' lang='lat' dir='ltr'>seu</span> <span class='ocrx_word' id='word_1_225' title='bbox 227 3233 404 3318; x_wconf 32' lang='lat' dir='ltr'>sacerdotes,</span> <span class='ocrx_word' id='word_1_226' title='bbox 419 3245 482 3292; x_wconf 81' lang='lat' dir='ltr'>&#39;seu</span> <span class='ocrx_word' id='word_1_227' title='bbox 514 3235 609 3294; x_wconf 86' lang='lat' dir='ltr'>mavis</span> <span class='ocrx_word' id='word_1_228' title='bbox 643 3235 801 3312; x_wconf 87' lang='lat' dir='ltr'>magistros</span> <span class='ocrx_word' id='word_1_229' title='bbox 837 3216 927 3311; x_wconf 85' lang='lat' dir='ltr'>posse</span> <span class='ocrx_word' id='word_1_230' title='bbox 961 3233 1021 3293; x_wconf 95' lang='lat' dir='ltr'>illic</span> <span class='ocrx_word' id='word_1_231' title='bbox 1057 3233 1265 3306; x_wconf 70' lang='lat' dir='ltr'>Augustalium</span> 
     </span>
     <span class='ocr_line' id='line_1_28' title="bbox 127 3334 1265 3415; baseline 0 -22"><span class='ocrx_word' id='word_1_232' title='bbox 127 3335 261 3394; x_wconf 85' lang='lat' dir='ltr'>nominc</span> <span class='ocrx_word' id='word_1_233' title='bbox 293 3334 478 3412; x_wconf 87' lang='lat' dir='ltr'>significatos</span> <span class='ocrx_word' id='word_1_234' title='bbox 508 3354 573 3396; x_wconf 91' lang='lat' dir='ltr'>esse</span> <span class='ocrx_word' id='word_1_235' title='bbox 604 3356 621 3395; x_wconf 93' lang='lat' dir='ltr'>a</span> <span class='ocrx_word' id='word_1_236' title='bbox 654 3337 800 3415; x_wconf 86' lang='lat' dir='ltr'>principio</span> <span class='ocrx_word' id='word_1_237' title='bbox 832 3340 979 3414; x_wconf 87' lang='lat' dir='ltr'>negasset.</span> <span class='ocrx_word' id='word_1_238' title='bbox 1039 3335 1150 3394; x_wconf 90' lang='lat' dir='ltr'>Verum</span> <span class='ocrx_word' id='word_1_239' title='bbox 1187 3334 1265 3394; x_wconf 88' lang='lat' dir='ltr'>enim</span> 
     </span>
     <span class='ocr_line' id='line_1_29' title="bbox 142 3436 1267 3517; baseline 0 -21"><span class='ocrx_word' id='word_1_240' title='bbox 142 3455 214 3497; x_wconf 92' lang='lat' dir='ltr'>vero</span> <span class='ocrx_word' id='word_1_241' title='bbox 241 3438 300 3497; x_wconf 90' lang='lat' dir='ltr'>huc</span> <span class='ocrx_word' id='word_1_242' title='bbox 325 3437 511 3498; x_wconf 90' lang='lat' dir='ltr'>commodum</span> <span class='ocrx_word' id='word_1_243' title='bbox 534 3439 628 3517; x_wconf 89' lang='lat' dir='ltr'>cadit,</span> <span class='ocrx_word' id='word_1_244' title='bbox 655 3440 736 3517; x_wconf 89' lang='lat' dir='ltr'>quod</span> <span class='ocrx_word' id='word_1_245' title='bbox 766 3443 873 3516; x_wconf 89' lang='lat' dir='ltr'>quarto</span> <span class='ocrx_word' id='word_1_246' title='bbox 896 3439 962 3499; x_wconf 90' lang='lat' dir='ltr'>loco</span> <span class='ocrx_word' id='word_1_247' title='bbox 985 3439 1146 3497; x_wconf 86' lang='lat' dir='ltr'>Hennenns</span> <span class='ocrx_word' id='word_1_248' title='bbox 1169 3436 1267 3496; x_wconf 90' lang='lat' dir='ltr'>attulit</span> 
     </span>
     <span class='ocr_line' id='line_1_30' title="bbox 142 3526 1265 3620; baseline 0 -22"><span class='ocrx_word' id='word_1_249' title='bbox 142 3539 215 3599; x_wconf 91' lang='lat' dir='ltr'>nihil</span> <span class='ocrx_word' id='word_1_250' title='bbox 236 3558 311 3616; x_wconf 92' lang='lat' dir='ltr'>opus</span> <span class='ocrx_word' id='word_1_251' title='bbox 335 3540 427 3600; x_wconf 83' lang='lat' dir='ltr'>fuisse</span> <span class='ocrx_word' id='word_1_252' title='bbox 450 3541 479 3600; x_wconf 90' lang='lat' dir='ltr'>in</span> <span class='ocrx_word' id='word_1_253' title='bbox 503 3526 566 3601; x_wconf 87' lang='lat' dir='ltr'>istis</span> <span class='ocrx_word' id='word_1_254' title='bbox 590 3542 709 3620; x_wconf 85' lang='lat' dir='ltr'>oppidis</span> <span class='ocrx_word' id='word_1_255' title='bbox 731 3542 938 3602; x_wconf 90' lang='lat' dir='ltr'>sacerdotibus</span> <span class='ocrx_word' id='word_1_256' title='bbox 952 3541 1060 3600; x_wconf 86' lang='lat' dir='ltr'>annuis</span> <span class='ocrx_word' id='word_1_257' title='bbox 1080 3539 1265 3600; x_wconf 84' lang='lat' dir='ltr'>sexvirorum</span> 
     </span>
     <span class='ocr_line' id='line_1_31' title="bbox 141 3642 1265 3721; baseline 0.002 -21"><span class='ocrx_word' id='word_1_258' title='bbox 141 3642 243 3720; x_wconf 90' lang='lat' dir='ltr'>instar,</span> <span class='ocrx_word' id='word_1_259' title='bbox 266 3643 336 3720; x_wconf 90' lang='lat' dir='ltr'>quia</span> <span class='ocrx_word' id='word_1_260' title='bbox 358 3644 541 3719; x_wconf 86' lang='lat' dir='ltr'>Augustales</span> <span class='ocrx_word' id='word_1_261' title='bbox 564 3644 684 3721; x_wconf 93' lang='lat' dir='ltr'>quidem</span> <span class='ocrx_word' id='word_1_262' title='bbox 707 3645 838 3704; x_wconf 90' lang='lat' dir='ltr'>universi</span> <span class='ocrx_word' id='word_1_263' title='bbox 861 3662 915 3721; x_wconf 91' lang='lat' dir='ltr'>per</span> <span class='ocrx_word' id='word_1_264' title='bbox 938 3661 1025 3703; x_wconf 90' lang='lat' dir='ltr'>omne</span> <span class='ocrx_word' id='word_1_265' title='bbox 1047 3646 1164 3719; x_wconf 90' lang='lat' dir='ltr'>tempus</span> <span class='ocrx_word' id='word_1_266' title='bbox 1186 3643 1265 3702; x_wconf 86' lang='lat' dir='ltr'>vitae</span> 
     </span>
     <span class='ocr_line' id='line_1_32' title="bbox 143 3744 1264 3824; baseline 0.003 -22"><span class='ocrx_word' id='word_1_267' title='bbox 143 3744 237 3804; x_wconf 91' lang='lat' dir='ltr'>cultui</span> <span class='ocrx_word' id='word_1_268' title='bbox 266 3744 401 3805; x_wconf 90' lang='lat' dir='ltr'>adstricti</span> <span class='ocrx_word' id='word_1_269' title='bbox 431 3745 567 3806; x_wconf 83' lang='lat' dir='ltr'>fuissent.</span> <span class='ocrx_word' id='word_1_270' title='bbox 622 3748 698 3807; x_wconf 90' lang='lat' dir='ltr'>Nam</span> <span class='ocrx_word' id='word_1_271' title='bbox 729 3746 758 3806; x_wconf 94' lang='lat' dir='ltr'>id</span> <span class='ocrx_word' id='word_1_272' title='bbox 785 3749 890 3824; x_wconf 85' lang='lat' dir='ltr'>patere</span> <span class='ocrx_word' id='word_1_273' title='bbox 918 3765 955 3806; x_wconf 80' lang='lat' dir='ltr'>ex</span> <span class='ocrx_word' id='word_1_274' title='bbox 986 3746 1073 3806; x_wconf 92' lang='lat' dir='ltr'>titulo</span> <span class='ocrx_word' id='word_1_275' title='bbox 1100 3745 1264 3806; x_wconf 90' lang='lat' dir='ltr'>Puteolano</span> 
     </span>
     <span class='ocr_line' id='line_1_33' title="bbox 138 3837 1266 3924; baseline 0.001 -19"><span class='ocrx_word' id='word_1_276' title='bbox 138 3847 164 3905; x_wconf 65' lang='grc' dir='ltr'>4Ι.</span> <span class='ocrx_word' id='word_1_277' title='bbox 179 3848 216 3907; x_wconf 90' lang='lat' dir='ltr'>N.</span> <span class='ocrx_word' id='word_1_278' title='bbox 234 3849 329 3908; x_wconf 79' lang='lat'>2527:</span> <span class='ocrx_word' id='word_1_279' title='bbox 352 3848 388 3906; x_wconf 85' lang='grc' dir='ltr'>Ι).</span> <span class='ocrx_word' id='word_1_280' title='bbox 415 3848 454 3907; x_wconf 89' lang='grc' dir='ltr'>Μ.</span> <span class='ocrx_word' id='word_1_281' title='bbox 484 3849 517 3921; x_wconf 77' lang='lat' dir='ltr'>Q.</span> <span class='ocrx_word' id='word_1_282' title='bbox 534 3849 648 3909; x_wconf 81' lang='lat' dir='ltr'>Insteio</span> <span class='ocrx_word' id='word_1_283' title='bbox 664 3850 851 3909; x_wconf 79' lang='lat' dir='ltr'>Diadumeno</span> <span class='ocrx_word' id='word_1_284' title='bbox 868 3837 1032 3924; x_wconf 79' lang='lat' dir='ltr'>Augustali</span> <span class='ocrx_word' id='word_1_285' title='bbox 1047 3893 1054 3908; x_wconf 91' lang='lat'><strong>.</strong></span> <span class='ocrx_word' id='word_1_286' title='bbox 1071 3849 1164 3908; x_wconf 82' lang='lat' dir='ltr'>coluit</span> <span class='ocrx_word' id='word_1_287' title='bbox 1178 3848 1266 3907; x_wconf 72' lang='lat' dir='ltr'>uuum</span> 
     </span>
     <span class='ocr_line' id='line_1_34' title="bbox 142 3948 1440 4077; baseline 0.002 -69"><span class='ocrx_word' id='word_1_288' title='bbox 142 3949 298 4009; x_wconf 78' lang='lat' dir='ltr'><em>XXXXV.</em></span> <span class='ocrx_word' id='word_1_289' title='bbox 317 3995 324 4008; x_wconf 89' lang='lat'><strong>.</strong></span> <span class='ocrx_word' id='word_1_290' title='bbox 342 3948 381 4023; x_wconf 75' lang='grc'>,3)</span> <span class='ocrx_word' id='word_1_291' title='bbox 415 3951 472 4077; x_wconf 50' lang='grc' dir='ltr'>ὃῖᾱ</span> <span class='ocrx_word' id='word_1_292' title='bbox 495 3955 555 4012; x_wconf 87' lang='lat' dir='ltr'>tam</span> <span class='ocrx_word' id='word_1_293' title='bbox 578 3953 761 4029; x_wconf 89' lang='lat' dir='ltr'>generaliter</span> <span class='ocrx_word' id='word_1_294' title='bbox 783 3971 879 4030; x_wconf 89' lang='lat' dir='ltr'>aeque</span> <span class='ocrx_word' id='word_1_295' title='bbox 901 3957 992 4029; x_wconf 90' lang='lat' dir='ltr'>atque</span> <span class='ocrx_word' id='word_1_296' title='bbox 1014 3951 1265 4025; x_wconf 84' lang='lat' dir='ltr'>inAugustalium</span> <span class='ocrx_word' id='word_1_297' title='bbox 1294 3960 1365 4038; x_wconf 70' lang='lat' dir='ltr'>Aug.</span> <span class='ocrx_word' id='word_1_298' title='bbox 1388 3959 1440 4010; x_wconf 89' lang='lat' dir='ltr'>dici</span> 
     </span>
     <span class='ocr_line' id='line_1_35' title="bbox 141 4034 1460 4148; baseline -0.001 -36"><span class='ocrx_word' id='word_1_299' title='bbox 141 4053 230 4113; x_wconf 87' lang='lat' dir='ltr'>etiam</span> <span class='ocrx_word' id='word_1_300' title='bbox 258 4054 288 4113; x_wconf 90' lang='lat' dir='ltr'>in</span> <span class='ocrx_word' id='word_1_301' title='bbox 315 4055 445 4113; x_wconf 83' lang='lat' dir='ltr'>sevirum</span> <span class='ocrx_word' id='word_1_302' title='bbox 470 4054 585 4145; x_wconf 87' lang='lat' dir='ltr'>ordinis</span> <span class='ocrx_word' id='word_1_303' title='bbox 607 4057 753 4115; x_wconf 90' lang='lat' dir='ltr'>sociorum</span> <span class='ocrx_word' id='word_1_304' title='bbox 778 4056 906 4115; x_wconf 94' lang='lat' dir='ltr'>omnium</span> <span class='ocrx_word' id='word_1_305' title='bbox 929 4054 1075 4131; x_wconf 91' lang='lat' dir='ltr'>sepulcris</span> <span class='ocrx_word' id='word_1_306' title='bbox 1096 4052 1264 4130; x_wconf 88' lang='lat' dir='ltr'>praedicari</span> <span class='ocrx_word' id='word_1_307' title='bbox 1275 4034 1460 4148; x_wconf 52' lang='lat' dir='ltr'>offiffitviffi</span> 
     </span>
    </p>
   </div>
   <div class='ocr_carea' id='block_1_6' title="bbox 229 4164 1424 4286">
    <p class='ocr_par' dir='ltr' id='par_1_13' title="bbox 229 4164 1424 4286">
     <span class='ocr_line' id='line_1_36' title="bbox 229 4164 1424 4286; baseline -0.026 5"><span class='ocrx_word' id='word_1_308' title='bbox 229 4219 250 4280; x_wconf 80' lang='lat'>¹)</span> <span class='ocrx_word' id='word_1_309' title='bbox 268 4216 312 4269; x_wconf 65' lang='lat'>1¹³⁸</span> <span class='ocrx_word' id='word_1_310' title='bbox 329 4215 500 4284; x_wconf 85' lang='lat' dir='ltr'>explicatur,</span> <span class='ocrx_word' id='word_1_311' title='bbox 517 4232 568 4285; x_wconf 73' lang='lat'>0¹1¹,</span> <span class='ocrx_word' id='word_1_312' title='bbox 584 4216 786 4272; x_wconf 72' lang='lat' dir='ltr'>decurionibus</span> <span class='ocrx_word' id='word_1_313' title='bbox 804 4217 916 4286; x_wconf 90' lang='lat' dir='ltr'>publica</span> <span class='ocrx_word' id='word_1_314' title='bbox 926 4216 1077 4284; x_wconf 38' lang='lat' dir='ltr'>,dumtaxat</span> <span class='ocrx_word' id='word_1_315' title='bbox 1094 4197 1209 4269; x_wconf 85' lang='lat' dir='ltr'>munera</span> <span class='ocrx_word' id='word_1_316' title='bbox 1221 4229 1261 4269; x_wconf 89' lang='lat' dir='ltr'>re·</span> <span class='ocrx_word' id='word_1_317' title='bbox 1304 4164 1424 4216; x_wconf 85' lang='lat' dir='ltr'>colmsse.</span> 
     </span>
    </p>
   </div>
   <div class='ocr_carea' id='block_1_7' title="bbox 90 4300 1335 4372">
    <p class='ocr_par' dir='ltr' id='par_1_14' title="bbox 90 4300 1335 4372">
     <span class='ocr_line' id='line_1_37' title="bbox 90 4300 1335 4372; baseline 0.001 -18"><span class='ocrx_word' id='word_1_318' title='bbox 90 4308 92 4324; x_wconf 85' lang='lat'><strong>¹</strong></span> <span class='ocrx_word' id='word_1_319' title='bbox 140 4300 269 4355; x_wconf 90' lang='lat' dir='ltr'>mittendi</span> <span class='ocrx_word' id='word_1_320' title='bbox 287 4305 414 4369; x_wconf 87' lang='lat' dir='ltr'>potestas</span> <span class='ocrx_word' id='word_1_321' title='bbox 434 4300 478 4355; x_wconf 88' lang='lat' dir='ltr'>sit.</span> <span class='ocrx_word' id='word_1_322' title='bbox 498 4301 603 4370; x_wconf 75' lang='lat' dir='ltr'>oilli,</span> <span class='ocrx_word' id='word_1_323' title='bbox 623 4306 703 4356; x_wconf 80' lang='lat'><strong>6294:</strong></span> <span class='ocrx_word' id='word_1_324' title='bbox 720 4303 896 4357; x_wconf 79' lang='lat' dir='ltr'>immunitate</span> <span class='ocrx_word' id='word_1_325' title='bbox 913 4319 1017 4356; x_wconf 82' lang='lat' dir='ltr'>muner.</span> <span class='ocrx_word' id='word_1_326' title='bbox 1036 4301 1108 4372; x_wconf 84' lang='lat' dir='ltr'>publ.</span> <span class='ocrx_word' id='word_1_327' title='bbox 1127 4317 1263 4356; x_wconf 79' lang='lat' dir='ltr'>concessa</span> <span class='ocrx_word' id='word_1_328' title='bbox 1331 4341 1335 4355; x_wconf 72' lang='grc'>,</span> 
     </span>
    </p>
   </div>
   <div class='ocr_carea' id='block_1_8' title="bbox 140 4386 695 4543">
    <p class='ocr_par' dir='ltr' id='par_1_15' title="bbox 140 4386 695 4543">
     <span class='ocr_line' id='line_1_38' title="bbox 140 4386 303 4443; baseline -0.018 0"><span class='ocrx_word' id='word_1_329' title='bbox 140 4386 175 4443; x_wconf 87' lang='lat' dir='ltr'>ab</span> <span class='ocrx_word' id='word_1_330' title='bbox 195 4386 303 4441; x_wconf 86' lang='lat' dir='ltr'>ordiue.</span> 
     </span>
     <span class='ocr_line' id='line_1_39' title="bbox 225 4474 695 4543; baseline 0 -17"><span class='ocrx_word' id='word_1_331' title='bbox 225 4474 248 4538; x_wconf 79' lang='lat'>²)</span> <span class='ocrx_word' id='word_1_332' title='bbox 266 4474 362 4541; x_wconf 74' lang='lat' dir='ltr'>pros.</span> <span class='ocrx_word' id='word_1_333' title='bbox 439 4499 442 4503; x_wconf 57' lang='lat'>&lt;</span> <span class='ocrx_word' id='word_1_334' title='bbox 534 4475 556 4540; x_wconf 66' lang='grc'>3)</span> <span class='ocrx_word' id='word_1_335' title='bbox 573 4491 599 4543; x_wconf 83' lang='lat' dir='ltr'>p.</span> <span class='ocrx_word' id='word_1_336' title='bbox 614 4475 695 4528; x_wconf 75' lang='lat' dir='ltr'>nias.</span> 
     </span>
    </p>
   </div>
   <div class='ocr_carea' id='block_1_9' title="bbox 0 0 1576 5138">
    <p class='ocr_par' dir='ltr' id='par_1_16' title="bbox 0 0 1576 5138">
     <span class='ocr_line' id='line_1_40' title="bbox 0 0 1576 5138; baseline 0 1"><span class='ocrx_word' id='word_1_337' title='bbox 0 0 1576 5138; x_wconf 95' lang='lat' dir='ltr'> </span> 
     </span>
    </p>
   </div>
   <div class='ocr_carea' id='block_1_10' title="bbox 1297 3891 1527 3954">
    <p class='ocr_par' dir='ltr' id='par_1_17' title="bbox 1297 3891 1527 3954">
     <span class='ocr_line' id='line_1_41' title="bbox 1297 3891 1527 3954; baseline -0.022 -14"><span class='ocrx_word' id='word_1_338' title='bbox 1297 3891 1436 3954; x_wconf 78' lang='lat' dir='ltr'>Quomodo</span> <span class='ocrx_word' id='word_1_339' title='bbox 1523 3925 1527 3935; x_wconf 92' lang='grc'><em>,</em></span> 
     </span>
    </p>
   </div>
  </div>
 </body>
</html>
