3180 5370
1232 382 1269 441 71

152 546 275 618 decreto
298 549 364 606 iura
387 548 617 624 Augustalitatis
641 554 802 625 prorogata
824 556 853 610 et
876 571 982 610 nomen
1007 553 1184 626 admaterialis
1212 553 1272 625 (vol

129 650 333 724 ,Augustalis
352 644 511 728 perpetui)
534 653 677 710 tributum
701 671 775 711 esse.
819 655 880 713 Iam
904 655 973 713 milri
996 656 1115 730 quidem
1139 660 1184 714 est
1206 675 1272 730 per·

150 752 369 829 suasissimum,
402 753 483 812 hunc
512 753 738 828 perfunctorum
772 740 961 816 servirorum
981 776 1137 817 numerum
1161 758 1274 816 intelle·

149 853 280 928 gendum
312 873 392 931 esse,
422 874 513 931 supra
544 875 632 930 quem
664 857 714 932 qui
745 858 885 917 dicuntur
922 859 1029 918 adlecti
1060 858 1272 934 Augustalium

151 956 248 1014 ordini
270 957 401 1016 adiuncti
433 957 499 1016 sint.
543 957 620 1030 Quia
643 960 803 1034 quotannis
826 979 863 1020 cx
887 961 991 1020 ordine
1006 962 1189 1038 Augustales
1213 982 1272 1021 non

149 1057 289 1134 leguntur
320 1061 374 1118 nisi
406 1077 474 1134 sex,
512 1061 563 1135 qui
593 1065 677 1119 extra
707 1062 842 1121 ordinem
877 1063 922 1122 his
945 1082 998 1122 sex
1021 1083 1039 1122 a
1062 1064 1273 1124 decurionibus

150 1159 283 1238 additur,
313 1180 404 1238 supra
432 1180 588 1221 numerum
618 1163 753 1238 adlectus
784 1166 889 1224 merito
912 1166 1090 1242 appellatur.
1134 1166 1289 1226 Ceterum

149 1281 254 1323 moneo
270 1264 357 1322 ctiam
373 1263 493 1323 decreto
512 1266 728 1324 centumvirum
744 1266 912 1326 Veientium
936 1267 1048 1341 (Wilm.
1065 1271 1169 1338 2079),
1182 1272 1271 1344 atque

147 1365 249 1442 titulis,
273 1366 309 1425 de
326 1366 433 1441 quibus
453 1386 481 1442 p.
493 1371 532 1427 28
547 1385 585 1425 ss.
600 1368 692 1426 verba
708 1367 775 1443 feci,
798 1370 854 1428 etsi
869 1370 1048 1429 vocabulum
1065 1369 1224 1451 adlegendi
1241 1370 1270 1428 in

150 1467 192 1525 eis
215 1486 274 1526 nou
299 1469 460 1545 invenitur,
482 1473 580 1527 tamen
604 1471 750 1529 contineri
774 1472 906 1530 ciusdem
930 1473 972 1531 rei
996 1472 1140 1548 exempla.

234 1569 380 1643 Quoniam
398 1571 434 1629 dc
450 1571 618 1631 adlectione
635 1573 816 1648 disputatum
840 1578 893 1648 est,
916 1593 994 1648 quae
1018 1575 1053 1632 de
1077 1593 1267 1634 ornamen-
1349 1584 1390 1630 De
1426 1651 1431 1660 ·

148 1676 263 1730 torum
296 1675 408 1732 honore
432 1673 559 1732 dicenda
587 1680 657 1733 sunt
680 1676 839 1734 admodum
860 1695 957 1752 pauca
982 1677 1123 1735 continuo
1148 1676 1267 1735 adicere
1292 1659 1446 1780 mgffgefflffi

148 1775 228 1833 certe
251 1775 281 1832 in
304 1793 366 1835 rem
390 1776 454 1834 erit.
497 1776 598 1852 Atque
621 1778 694 1835 alias
719 1777 838 1854 quidem
862 1779 970 1854 quibus
993 1778 1268 1861 separatimdecer-
1312 1786 1439 1835 stalitatis.

148 1882 261 1936 nuntnr
284 1877 398 1936 ordinis
420 1878 470 1936 vel
499 1878 621 1937 honoris
652 1880 806 1938 cuiusdam
830 1885 1022 1951 arctamenta,
1053 1880 1204 1956 accipiunt
1226 1879 1268 1938 in·

147 1978 345 2055 signia'illius
369 1981 516 2038 exteriora
540 1979 680 2040 detractis
704 1983 819 2041 iuribus
842 1982 982 2060 publicis,
1013 2001 1090 2058 quae
1113 1982 1177 2040 fere
1200 1986 1270 2040 sunt

147 2083 294 2144 cumillis
319 2079 518 2152 coniuncta.¹)
543 2078 547 2088 ‘
569 2082 609 2140 At
639 2083 748 2147 honori
769 2085 1000 2161 Augustalitatis
1032 2085 1099 2143 iura
1128 2085 1165 2142 ad
1195 2101 1269 2143 rern-

146 2184 293 2258 publicam
318 2185 484 2257 spectantia
507 2184 627 2243 omnino
652 2204 711 2244 non
735 2187 925 2262 conveniunt,
948 2187 1035 2246 immo
1057 2192 1138 2246 totus
1154 2190 1271 2245 constat

145 2285 174 2343 in
199 2284 369 2364 huiusmodi
391 2286 557 2362 insignibus
581 2288 721 2346 externis.
766 2288 862 2360 Quam
892 2289 929 2348 ob
956 2307 1018 2347 rem
1049 2296 1101 2347 tuo
1130 2288 1194 2346 iure
1217 2288 1269 2345 du-

145 2387 230 2464 bites,
254 2387 395 2464 quidnam
419 2389 571 2448 voluerint
595 2394 771 2448 ornamenta
792 2392 1022 2466 Augustalitatis
1053 2408 1185 2448 seorsum
1210 2391 1270 2448 eol·

145 2489 214 2548 lata.
258 2490 376 2548 Deinde
400 2493 583 2550 ornamentis
606 2491 728 2550 honoris
751 2490 814 2550 fere
837 2493 864 2550 ei
888 2493 1080 2568 decorantur,
1104 2491 1154 2567 qui
1178 2492 1268 2550 hono-

144 2610 206 2651 rem
230 2593 327 2667 ipsum
356 2593 480 2669 adipisci
516 2612 571 2669 per
604 2594 808 2653 condicionem
843 2613 926 2653 suam
961 2595 1078 2652 civilem
1109 2597 1269 2669 nequeant.

145 2696 184 2752 At
206 2695 337 2753 seviratu
361 2714 425 2754 cum
451 2715 536 2755 nemo
561 2701 715 2754 arceretur
737 2696 870 2770 exeeptis
894 2696 1012 2754 t'cminis
1036 2696 1201 2772 servisque,
1224 2689 1268 2754 his

143 2815 215 2855 vero
239 2815 276 2855 ue
300 2804 476 2857 ornamenta
499 2798 620 2874 quidem
637 2797 864 2873 Augustalitatis
888 2816 1020 2873 unquam
1044 2815 1186 2856 concessa
1202 2814 1268 2856 esse

97 2949 99 2952 ,
144 2916 289 2972 censeam,
313 2899 419 2958 iterum
444 2903 550 2959 merito
575 2919 716 2976 quaeras,
740 2899 807 2974 quis
830 2899 950 2958 tandem
973 2899 1116 2975 supersit,
1140 2899 1187 2956 cui
1212 2899 1268 2956 ista

143 3002 296 3076 potuerint
326 3003 444 3062 omnino
476 3002 606 3062 decerni.
651 3002 697 3060 Ac
721 3005 817 3078 cc'rte,
849 3001 971 3078 opinor,
1002 3020 1061 3060 non
1094 3000 1268 3058 tribuuntur

144 3103 199 3160 nisi
223 3104 280 3179 eis,
314 3105 365 3179 qui
399 3106 469 3163 lieet
491 3124 547 3180 per
571 3103 773 3162 condicionem
808 3121 891 3161 suam
923 3103 1268 3178 seviratumsuscipere

143 3206 268 3281 possint,
291 3207 467 3264 necessitate
491 3206 718 3281 prohibeantur.
762 3206 908 3263 Nimirum
934 3223 1024 3280 unns,
1047 3206 1076 3262 in
1100 3224 1159 3279 quo
1183 3222 1279 3275 orna-=

143 3313 242 3365 menta
264 3309 492 3383 Augustalitatis
522 3312 810 3384 commemorantur,
840 3308 944 3366 titulus
966 3305 1106 3365 Brundisi
1130 3310 1268 3380 repertus

143 3415 188 3468 est
211 3410 396 3487 sepulcralis,
419 3399 536 3486 spectat
559 3409 597 3467 ad
622 3413 786 3467 mortuum:
809 3425 878 3467 ..a
896 3425 924 3466 a.
942 3408 1065 3466 LXXX
1084 3408 1112 3465 b.
1128 3423 1150 3463 r.
1190 3406 1269 3465 Huic

143 3513 216 3569 ordo
253 3512 446 3570 desinianum
480 3508 604 3585 airicus)
644 3508 765 3583 ltocnm)
807 3508 989 3584 mirmiram)
1036 3514 1269 3581 omramentuque

143 3614 379 3686 Aupzmtal·'tutis
401 3616 540 3674 decreuit.
567 3614 589 3672 l.
605 3616 642 3673 N.
660 3616 731 3673 464.
775 3612 844 3673 Seni
868 3614 959 3689 igitur
976 3610 1157 3684 venerando,
1179 3629 1268 3685 quem

142 3714 265 3774 forsitan
300 3734 372 3791 opes
407 3715 581 3776 defecerant
614 3716 652 3775 ad
685 3715 846 3775 seviratum
870 3715 1069 3790 subeundum,
1091 3713 1269 3771 decuriones

146 3836 205 3876 non
230 3819 301 3877 satis
325 3818 493 3878 habuerunt
515 3819 608 3877 funus
638 3824 668 3877 et
697 3818 794 3876 locum
822 3818 997 3892 sepulturae
1024 3815 1145 3891 publice
1168 3815 1268 3873 decer-

143 3937 223 3996 nere,
245 3921 298 3979 sed
321 3920 407 3978 etiam
431 3922 563 3980 sevirum
587 3921 754 3996 insignibus
779 3927 916 3980 ornatum
940 3920 1039 3978 efferri
1062 3917 1232 3975 voluerunt.

229 4338 249 4402 ¹)
266 4335 299 4390 cf.
319 4337 477 4405 Mommsen,
495 4338 596 4393 Statsr.
616 4339 637 4405 l,
657 4341 706 4391 tto
717 4353 754 4391 ss.
