3142 5138
319 371 422 431 58Ἰ

317 536 459 604 honorem
482 546 606 630 posthac
629 545 825 623 adiciendum,
848 544 963 604 scilicet
984 546 1106 621 quando
1129 563 1193 604 eam
1218 550 1326 605 nactus
1346 549 1436 604 esset

134 660 299 708 Mercuriales
319 650 363 706 Ex
387 651 455 708 69
487 654 585 709 autem
613 648 739 715 fortasse
771 652 887 708 tantum
915 648 1056 724 colligere
1086 648 1170 725 licat,
1192 648 1376 723 Augustales
1406 651 1436 707 et

144 728 285 776 Grumenti.
317 750 510 810 Mercuriales
525 751 679 811 Grumenti
701 752 779 811 inter
799 768 833 812 sc
855 752 1014 810 arctiorem
1037 750 1177 810 habuisse
1198 750 1440 810 coniunctionem·
1474 783 1477 791 κ

316 870 404 928 quam
434 853 569 928 utrisque
599 859 664 913 erat
693 872 760 913 cum
783 853 923 913 ministris
946 854 1065 913 Larum.
1109 852 1230 912 Scilicet
1252 852 1433 929 Augustales

316 971 352 1013 ex
383 947 608 1015 Mercurialibus
637 955 700 1015 iere
730 956 932 1016 sumebantur.
977 956 1089 1016 Contra
1120 972 1170 1015 eas
1200 972 1293 1014 unum
1324 953 1434 1016 fecisse

317 1057 419 1117 ambos
450 1057 608 1133 collegium
640 1076 710 1117 num
743 1059 808 1117 iure
837 1057 906 1116 inde
935 1057 1147 1134 concludatur,
1176 1056 1289 1117 dubito.
1333 1057 1430 1116 Etiam

134 1146 293 1249 Augustales
318 1159 464 1220 Carseolis
498 1160 579 1236 quod
602 1160 675 1221 orda
699 1161 904 1234 Augustalium
927 1159 1130 1218 Martiuarum
1160 1151 1203 1236 (n.
1216 1155 1280 1230 ’101
1309 1177 1434 1219 comme·
1524 1197 1526 1200 >

155 1240 269 1287 Marum.
318 1266 466 1339 moratur,
504 1282 581 1322 noni
598 1263 708 1322 sufficit
738 1263 911 1354 adnhorum
934 1262 1139 1322 confusionem
1172 1250 1434 1338 comprobandum.
1506 1300 1509 1304 -

316 1368 392 1426 Nam
416 1366 594 1426 decuriones
616 1370 788 1444 patuerunt,
812 1367 904 1426 veluti
920 1367 1061 1425 Naronae
1082 1385 1118 1424 ex
1135 1365 1372 1443 Mercurialibus,
1394 1365 1434 1425 ibi
1538 1381 1542 1384 ’

317 1487 354 1528 ex
377 1470 513 1527 llartlnis
536 1469 650 1528 saviros
674 1468 795 1545 eligere,
820 1472 851 1528 ut
873 1468 947 1526 illud
970 1485 1078 1527 nomen
1100 1486 1202 1527 eorum
1219 1467 1314 1527 ordini
1330 1469 1434 1528 merito

314 1570 477 1630 inderetur.
527 1572 592 1630 Nec
624 1570 709 1630 deest
738 1569 911 1644 maglister)
943 1567 1187 1648 Maritiuarum),
1217 1571 1269 1647 qui
1301 1589 1361 1629 nan
1390 1574 1436 1631 est
1496 1586 1498 1592 ’

317 1673 493 1746 aligerans
515 1674 536 1731 1.
559 1659 596 1732 u.
620 1675 731 1733 6666

133 1782 293 1844 Augustales
402 1776 525 1835 Tusculi
555 1794 627 1835 vero
664 1777 811 1852 quispiam
842 1774 988 1854 ambigat,
1024 1793 1096 1834 num
1127 1754 1243 1833 aeditui
1282 1774 1436 1847 (Caularis

154 1850 271 1967 {3323}
320 1877 460 1950 Pollucis)
483 1879 671 1952 Augustales
703 1879 741 1937 ad
769 1879 826 1938 hoc
856 1879 1040 1955 institutum,
1077 1877 1116 1937 de
1146 1896 1207 1954 qua
1229 1879 1445 1954 quaestionem·
1487 1956 1491 1959 v

316 1999 370 2039 nos
392 1980 587 2057 instituimus,
610 1982 730 2040 omnino
753 1980 932 2056 pertineant
976 1981 1116 2039 Fortasse
1145 1980 1176 2038 id
1199 1979 1254 2039 fuit
1276 1981 1435 2057 collegium

314 2084 480 2160 privatum,
510 2082 591 2160 quod
625 2085 653 2141 in
677 2083 885 2159 Tyndaridum
916 2084 1028 2158 templo
1059 2082 1242 2142 consistebat
1266 2082 1436 2160 ‘earumque

315 2186 408 2244 cultui
440 2185 567 2261 primum
600 2187 656 2245 sali
684 2190 749 2245 erat
779 2185 939 2245 addictum.
983 2185 1062 2245 Nam
1091 2186 1180 2245 etiam
1211 2189 1332 2262 praesto
1365 2188 1436 2245 sunt
1513 2191 1515 2195 '

314 2289 390 2347 tituli
413 2289 603 2347 aedituorum
617 2289 714 2347 solnm
732 2288 868 2346 Castoris
887 2292 917 2346 et
933 2288 1067 2347 Pollucis
1089 2285 1307 2360 (witmarus.
1333 2290 1435 2358 aius).
1461 2288 1463 2292 ’

314 2390 444 2454 Posthac
480 2388 606 2450 fortasse
631 2390 819 2467 vreligionem
859 2391 989 2466 Augusti
1026 2390 1065 2450 ad
1097 2391 1210 2450 cultum
1244 2390 1435 2450 vetustiorem

315 2491 489 2569 adiecerunt
519 2497 549 2551 et
571 2493 608 2551 ab
631 2511 666 2552 eo
689 2497 824 2570 tempore
846 2494 962 2551 aeditui
985 2494 1170 2567 Augustales
1193 2492 1334 2569 appellati
1357 2496 1434 2552 sunt

315 2595 402 2655 Certe
432 2598 599 2672 complures
637 2595 715 2655 tituli
748 2599 897 2655 testantur
934 2596 1047 2654 sevinus
1074 2596 1258 2670 Augustales
1295 2594 1435 2670 volgares

314 2703 472 2775 praetcrea
493 2698 618 2756 Tusculi
641 2699 789 2757 exstitisse
819 2695 933 2770 (Wilm.
958 2700 1039 2757 1730
1062 2701 1092 2756 61
1114 2696 1215 2758 Or.·H.
1239 2699 1321 2757 7100
1344 2700 1374 2756 61
1396 2698 1433 2756 H.
1544 2776 1550 2787 Ι

131 2801 287 2849 Herculanei
316 2818 343 2874 p.
367 2777 461 2873 30lils
493 2800 633 2876 Denique
656 2818 693 2858 ne
715 2799 828 2861 Tibure
859 2799 978 2876 quidem
1009 2817 1097 2876 quam
1127 2801 1205 2858 inter
1227 2797 1435 2858 Herculaneas

154 2869 268 2985 {iffi}
316 2907 345 2961 et
367 2885 549 2976 Augustales
570 2904 735 2979 reperimus
765 2901 955 2963 necessitudo
984 2902 1096 2962 diversi
1119 2902 1238 2961 videtur
1266 2901 1357 2977 luisse
1385 2918 1435 2977 ge·

315 3005 403 3063 neris.
463 3006 555 3063 Imma
586 2997 711 3063 illorum'
735 3005 892 3081 collegium
930 3004 1052 3064 ditiores
1089 3021 1191 3064 omnes
1221 2993 1435 3080 usqueadeo,

313 3107 428 3184 opinor,
451 3107 722 3184 complectebatur,
744 3111 778 3165 ut
800 3126 866 3166 cum
888 3108 1071 3183 Augustales
1093 3107 1157 3166 fieri
1178 3106 1361 3182 inciperent,
1390 3124 1428 3165 ex

314 3210 511 3268 Herculaneis
548 3227 643 3286 prope
682 3210 753 3268 salis
784 3209 920 3269 sumendi
947 3195 1055 3269 essent.
1108 3211 1213 3285 ltaque
1246 3208 1434 3267 Herculauei

314 3312 501 3384 Augustales
523 3329 625 3370 eorum
649 3311 722 3371 ordo
745 3313 809 3372 iure
824 3313 999 3397 vocabatur.
1044 3311 1135 3373 Cuius
1151 3311 1325 3370 sententiae
1347 3328 1434 3386 argu·

314 3418 444 3473 mentum
468 3413 548 3472 haud
570 3415 631 3474 scia
656 3433 694 3473 an
718 3415 906 3485 contineatur
928 3415 958 3473 in
982 3433 1010 3472 n.
1034 3417 1082 3474 28.
1127 3413 1215 3486 Quod
1238 3413 1316 3472 enim
1337 3412 1376 3472 ibi
1400 3417 1455 3492 nt

313 3515 486 3576 dedicantes
515 3516 705 3575 nominantur
727 3516 912 3575 Herculauai
933 3515 1128 3590 Augustales,
1161 3518 1301 3574 curantes
1335 3520 1434 3574 autem
1524 3536 1527 3538 ’

313 3613 373 3678 duo
410 3623 587 3695 quaestores
625 3618 740 3678 ardicis
767 3619 979 3694 Augustalium
1011 3616 1194 3689 Tiburtium,
1227 3612 1434 3678 Herculaneas

312 3723 389 3798 Aug.
412 3725 441 3780 et
463 3721 596 3781 ordinem
619 3722 829 3798 Augustalium
852 3739 912 3780 non
936 3735 979 3798 re,
1001 3719 1054 3780 sed
1077 3720 1140 3779 solo
1164 3720 1282 3779 nomine
1312 3719 1433 3780 differre

312 3823 465 3900 probabile
497 3828 550 3883 est.
593 3825 670 3883 Tum
708 3825 839 3900 magistri
876 3824 946 3882 usui
976 3823 1185 3899 Augustalium
1213 3823 1333 3881 omnino
1370 3840 1430 3882 non

313 3927 495 3985 conveniunt
517 3923 557 3998 (n.
580 3929 630 3986 26.
646 3923 699 3998 31)
722 3929 752 3986 61
773 3926 855 4003 quod
878 3927 907 3984 in
931 3945 959 3984 n.
976 3928 1014 3985 31
1038 3925 1134 3984 honos
1155 3924 1294 3998 magistri
1310 3924 1433 3983 Hercul.

313 4047 379 4087 cum
402 4012 516 4087 honore
538 4026 713 4102 Augustalis
734 4012 883 4105 particula
905 4034 934 4086 cl
956 4027 1130 4105 copulatur,
1161 4027 1220 4086 duo
1243 4044 1367 4086 munuera
1390 4025 1432 4084 di-

312 4148 400 4191 versa
422 4130 584 4208 significari
606 4131 756 4191 videntur.
799 4132 840 4190 At
871 4133 904 4190 ut
931 4131 962 4191 in
984 4130 1156 4207 nonnullis,
1193 4147 1270 4206 qnae
1302 4128 1350 4188 hic
1382 4146 1432 4188 ex·

312 4234 415 4310 posui,
447 4233 625 4311 erraverim,
655 4237 754 4293 tamen
778 4234 822 4310 id,
849 4233 971 4310 opinor,
994 4231 1157 4308 concedes,
1187 4232 1273 4290 etiam
1296 4228 1432 4290 Henceni

309 4335 487 4395 seutentiam
518 4333 692 4394 dubitationi
722 4334 839 4395 minime
870 4338 1036 4410 exemptam
1068 4351 1142 4392 asse.
1194 4333 1303 4408 Utique
1324 4334 1425 4390 autem
