3142 5138
1217 507 1250 564 il

134 703 242 745 nomen
266 703 319 744 sex
340 684 548 744 sacerdotibus
577 684 712 760 primitus
734 682 888 760 proprium
916 680 953 740 de
977 679 1081 748 ordine
1103 680 1254 756 Augusta·

133 783 202 846 lium
225 788 255 846 in
279 805 364 847 usum
387 787 469 848 venit
490 787 548 864 vel,
571 794 604 846 ut
624 787 794 846 accuratius
810 785 915 860 dicam,
937 778 1018 865 quod
1034 784 1153 844 omuino
1170 788 1254 842 ortus

134 895 180 950 est
203 889 291 951 buius
315 890 441 958 nominis
464 890 553 966 ordo,
583 890 686 967 aliter,
719 893 752 948 ut
782 906 848 959 mea
876 887 936 947 tert
955 887 1083 964 opinio,
1111 884 1254 960 explicari

134 995 245 1072 nequit

219 1097 372 1172 Zumptius
405 1095 541 1172 quidem,
577 1112 645 1153 cum
676 1095 706 1169 in
739 1095 911 1154 universum
950 1091 1104 1152 statuisset
1139 1090 1252 1150 maiora
1264 1094 1450 1171 Zumptiicom-

133 1199 341 1276 Augustalium
373 1199 500 1274 collegia
535 1216 554 1256 a
584 1197 731 1273 principio
768 1197 799 1254 in
835 1195 1003 1271 municipiis
1036 1194 1156 1254 condita
1177 1213 1251 1271 esse,
1271 1170 1440 1281 messsffiffife'

134 1320 212 1379 quae
234 1303 348 1360 seviros
369 1301 425 1360 sibi
447 1300 663 1376 praefecissent
685 1301 851 1377 magistros,
873 1304 1057 1360 commentus
1079 1305 1141 1382 est,
1172 1322 1249 1382 quae

134 1409 224 1464 antea
244 1404 372 1463 fuissent
385 1403 595 1479 Augustalium
618 1421 753 1479 corpora,
774 1402 804 1461 iu
821 1403 950 1480 collegia
962 1407 1093 1465 sevirum
1109 1407 1150 1465 ita
1164 1425 1255 1486 saepe

133 1508 285 1584 transisse,
308 1508 349 1583 ut,
371 1505 424 1582 qui
445 1509 535 1564 antea
556 1503 684 1564 fuissent
706 1506 903 1584 Augustales,
935 1526 1039 1568 omnes
1059 1508 1123 1569 iere
1146 1512 1254 1570 sevira-

132 1612 196 1669 tum
218 1627 272 1685 per
295 1609 376 1668 vices
399 1607 500 1685 adepti
522 1611 552 1667 ct
573 1611 742 1685 propterea
765 1609 817 1685 qui
832 1613 937 1686 postea
951 1610 989 1669 ad
1005 1611 1253 1687 Augustalitatem

134 1712 346 1789 adspirassent,
368 1712 505 1788 protinus
527 1729 545 1768 a
567 1710 698 1770 seviratu
721 1727 828 1770 munus
851 1729 936 1771 suum
958 1714 1105 1789 auspicati
1120 1713 1254 1787 essentd)

134 1814 193 1875 Sed
225 1815 313 1874 talem
335 1813 546 1890 Augustalium
578 1813 805 1873 exstinctionem
840 1814 891 1873 vix
922 1834 1009 1892 posse
1039 1817 1160 1894 probari
1196 1820 1254 1877 iam

134 1917 347 1992 Marquardtus
370 1912 626 1986 demonstravit²l
670 1917 747 1974 Nam
769 1917 924 1994 Zumptius
952 1919 1017 1994 ipse
1040 1918 1143 1979 docuit
1165 1921 1254 1981 decu-

133 2020 251 2079 rionum
274 2019 397 2079 decreto
420 2036 537 2094 semper
559 2036 654 2077 novos
676 2018 863 2095 Augustales
894 2020 990 2080 factos
1013 2025 1044 2080 et
1064 2023 1106 2081 ita
1128 2024 1254 2100 collegia

134 2122 274 2199 suppleta
296 2138 378 2197 esse3
411 2125 440 2181 et
463 2125 544 2181 certe
566 2139 626 2180 nou
649 2122 903 2200 intellegeremus,
926 2141 980 2183 cur
1003 2142 1064 2183 non
1088 2125 1113 2185 ei
1138 2126 1255 2203 saltem,

134 2208 210 2301 quos
233 2225 386 2300 Zumptius
408 2223 481 2283 dicit
503 2241 521 2282 a
543 2224 674 2283 seviratu
691 2241 799 2284 munus
814 2225 986 2301 auspicatos
1002 2244 1078 2305 esse,
1099 2227 1253 2304 aliquanto

134 2330 204 2386 ante
225 2327 256 2385 iu
279 2326 438 2403 collegium
460 2327 672 2404 Augustalium
695 2331 795 2405 essent
817 2329 946 2406 recepti,
975 2328 1113 2390 nimirum
1136 2331 1161 2390 si
1182 2349 1254 2390 vera

134 2434 213 2489 essct
255 2430 335 2488 illius
378 2428 415 2488 de
457 2429 687 2505 Augustalitatis
733 2430 901 2507 primordiis
949 2432 1058 2509 opinio.
1128 2432 1255 2493 Accedit

134 2531 213 2608 quod
247 2532 331 2591 nulla
360 2530 626 2608 deprehenduntur
661 2533 691 2591 in
724 2532 828 2592 barum
860 2534 1016 2609 regionum
1053 2535 1146 2594 titulis
1179 2536 1253 2594 anti·

133 2635 258 2711 quioris,
281 2634 400 2711 qualem
422 2634 575 2710 Zumptius
598 2635 718 2712 statuit,
740 2636 935 2713 collegiorum
957 2636 1167 2714 Augustalium
1196 2640 1253 2696 sta-

134 2741 181 2797 tus
203 2737 338 2812 vestigia.
381 2738 454 2795 llam
484 2755 557 2797 vero
587 2736 746 2815 rationem,
776 2756 837 2817 qua
859 2740 1000 2799 Narbone
1032 2738 1063 2798 in
1097 2739 1252 2815 collegium

133 2840 336 2900 libertinorum
359 2840 490 2899 seviratu
520 2841 676 2899 maximam
706 2845 822 2918 partem
851 2860 911 2901 non
940 2840 1111 2902 functorum
1143 2860 1251 2902 nomen

134 2943 262 3003 sevirum
285 2941 461 3001 translatum
484 2959 550 3002 esse
574 2943 741 3021 Herzogius
751 2940 774 3014 ³)
798 2944 934 3021 coniecit,
957 2944 1028 3004 data
1051 2962 1143 3020 opera
1165 2945 1253 3004 retel-

133 3046 195 3104 lere
218 3044 411 3122 supersedeo.
456 3045 533 3104 Nam
556 3046 608 3103 vix
631 3046 696 3123 erit,
718 3046 770 3122 qui
783 3047 869 3105 istam
885 3046 1005 3123 quidem
1022 3046 1138 3124 probet,
1154 3066 1251 3123 neque

133 3166 188 3224 pcr
220 3165 253 3212 se
292 3146 474 3224 probabilem
512 3151 543 3206 et
579 3165 659 3207 mere
696 3147 897 3227 arbitrariam,
942 3149 1030 3208 nullis
1067 3148 1253 3209 documentis

132 3250 316 3309 instructam.
597 3252 598 3255 ’

218 3352 355 3412 Ceterum
379 3370 434 3428 per
455 3353 616 3412 seviratum
633 3354 729 3413 solum
751 3353 789 3413 ad
806 3354 940 3415 ordinem
957 3356 1020 3413 sive
1042 3354 1248 3429 in-colleginm
1267 3346 1453 3426 Augustalium

134 3455 344 3532 Augustalium
360 3456 513 3514 introitum
534 3457 667 3532 patuisse
690 3457 749 3516 alia
764 3475 886 3533 quoque
909 3456 1122 3517 deliberatione
1145 3456 1249 3515 firmis·
1268 3431 1378 3533 15ξίζῇιὲ
1387 3431 1440 3534 [ἷξε

133 3558 217 3616 sime·
234 3556 398 3617 coniicitur.
445 3558 562 3616 Etenim
599 3558 676 3617 infra
713 3558 825 3618 docebo
862 3577 986 3618 munera
1022 3558 1142 3634 publiea
1179 3558 1250 3617 satis
1269 3553 1442 3617 acquiruntur.

133 3661 238 3736 gravia
253 3662 286 3718 ut
300 3659 395 3736 ludos,
418 3661 530 3738 epulas,
545 3679 669 3737 operum
685 3662 869 3738 publicorum
886 3661 1097 3739 dedicationes,
1120 3679 1251 3721 summae

132 3761 311 3822 honorariae
345 3761 520 3821 solutionem
563 3781 628 3821 cum
659 3763 792 3823 seviratu
825 3765 945 3841 proprie
983 3763 1060 3823 dicto
1091 3764 1251 3823 coniuncta

132 3864 237 3941 fuisse,
266 3867 371 3924 contra
394 3865 506 3925 ordinis
529 3866 627 3925 socios
650 3867 847 3926 communiter
879 3867 1019 3926 oneribus
1048 3864 1111 3925 fere
1142 3865 1251 3925 liberos

132 3966 245 4027 iuribus
267 3971 383 4027 tantum
413 3971 443 4027 et
464 3969 671 4027 emolumentis
694 3946 922 4046 Augustalitatis
948 3985 1018 4028 usos
1041 3985 1115 4027 esse.
1158 3966 1250 4026 Simul

132 4072 230 4129 autem
253 4071 408 4129 evincetur
430 4071 504 4129 haec
526 4071 592 4129 iura
614 4070 769 4131 manifesto
789 4070 992 4148 intellegenda
1014 4087 1080 4129 esse
1100 4075 1251 4144 tamqnam

132 4172 261 4249 insignia
283 4176 373 4249 atque
397 4174 526 4233 honores
549 4175 599 4251 eis,
622 4175 673 4249 qui
688 4174 836 4234 seviratus
851 4175 1025 4233 muneribus
1039 4171 1251 4249 fungebantur,

131 4276 254 4352 proprie
277 4277 489 4336 convenientes
511 4294 546 4335 ac
569 4277 677 4336 deinde
699 4277 866 4353 perfunctis
896 4295 931 4336 ex
955 4294 1037 4336 more
1058 4276 1174 4351 volgari
1196 4292 1251 4351 per

219 4492 239 4556 ¹)
256 4506 284 4558 p.
297 4493 328 4543 va
339 4505 362 4544 a.
383 4454 392 4464 ’
570 4493 595 4558 ²)
611 4507 638 4559 p.
651 4495 709 4544 sou.
913 4493 936 4558 ³)
952 4506 980 4559 p.
995 4493 1042 4543 rae
1053 4505 1074 4545 s.
