3142 5138
1237 507 1254 566 7

132 686 342 765 Augustalium
371 683 576 744 condicionem
610 683 712 744 doouit
745 687 836 760 atque
869 684 899 742 iu
930 684 1027 744 Gallia
1055 683 1256 743 Narbonensi.

132 790 253 870 Iamiam
287 787 355 848 inde
389 786 555 864 concludit,
588 805 655 847 oum
686 787 717 846 iu
746 786 851 846 Galliis
881 786 1033 863 Cisalpina
1054 785 1255 864 Narbonensi,

132 892 280 969 Hispania
295 890 505 966 Augustalium
528 889 661 950 ordinem
684 908 703 948 a
723 889 829 949 seviris
845 888 988 965 originem
1004 889 1121 964 oepisse
1135 889 1254 965 Eggero

133 993 328 1070 llarquardto
351 991 644 1068 eoncedendum-sit,
666 993 696 1051 in
711 992 1023 1069 regns‘Neapolitano
1046 992 1125 1052 haue
1141 992 1254 1069 opinio·

134 1107 201 1157 uem
223 1114 256 1156 re
278 1097 345 1172 ipsa
366 1093 493 1154 excludi.
536 1094 637 1170 Atque
658 1095 689 1154 in
711 1093 808 1153 media
822 1093 910 1153 Italia
931 1091 1105 1166 (Germania
1118 1079 1256 1153 Heluetia

134 1198 284 1258 Dalmatia
309 1198 416 1266 Daoia)
452 1197 664 1272 Augustalium
696 1196 824 1272 eollegia
853 1215 871 1255 a
901 1196 1008 1256 seviris
1038 1195 1158 1273 quidem
1189 1213 1255 1256 esse
1308 1181 1315 1194 Χ

132 1305 224 1378 reeta,
246 1299 300 1360 sed
323 1318 383 1359 non
405 1316 508 1359 omues
530 1299 711 1376 Augustales
740 1300 873 1360 seviratu
905 1298 1024 1358 functos
1047 1315 1123 1359 esse.
1166 1300 1256 1359 Hune

133 1422 205 1463 vero
227 1403 438 1480 Augustalium
461 1406 571 1462 statum
599 1404 721 1480 saepius
750 1402 905 1481 praedicat
931 1417 991 1462 non
1013 1403 1112 1462 solum
1134 1405 1167 1462 ut
1188 1421 1256 1481 per·

133 1505 332 1583 feodssimum,
355 1523 459 1565 verum
482 1506 570 1565 etism
593 1508 627 1564 ut
649 1506 769 1565 solitum
791 1509 821 1565 et
843 1504 1091 1582 antiquissimum
1101 1502 1124 1576 ¹)
1169 1505 1256 1566 Unde

133 1613 226 1686 patet,
248 1607 277 1667 id
301 1607 383 1684 quod
405 1608 528 1684 insuper
551 1611 654 1684 aperte
669 1606 827 1684 profitetur
836 1605 869 1685 ²),
890 1608 1066 1667 Henaeuum
1087 1621 1196 1667 revera
1216 1608 1255 1667 ad

133 1712 338 1790 Zumptiauam
361 1711 539 1771 seutentiam
562 1710 657 1787 magis
679 1710 840 1771 inclinasse
862 1729 951 1787 quam
972 1710 1012 1770 ad
1034 1710 1222 1771 contrariam.
1230 1706 1255 1782 ³)

133 1813 192 1874 Sed
214 1818 398 1889 argumenta,
420 1813 529 1890 quibus
544 1812 744 1890 confirmetur,
766 1813 933 1889 primitus
955 1813 1071 1873 seviros
1086 1832 1147 1873 uon
1163 1813 1256 1873 fuisse

134 1916 191 1978 nisi
214 1916 408 1992 magistratus
429 1916 654 1992 Augustalium,
683 1933 729 1976 me
752 1915 833 1991 apud
856 1933 924 1976 oum
946 1934 1006 1975 uon
1035 1915 1186 1976 iuvenisse
1208 1916 1256 1975 hie

133 2019 233 2078 statim
256 2036 371 2079 moneo.
414 2019 559 2079 Nimirum
583 2019 761 2078 mutationes
783 2017 879 2078 laetas
894 2035 960 2078 esse
974 2019 1092 2094 pristini
1107 2018 1255 2095 Augusta

133 2119 206 2180 lium
228 2124 323 2180 stotus
348 2122 378 2181 in
401 2121 507 2199 paneis
526 2125 642 2181 tautum
664 2120 779 2181 Galliae
796 2120 966 2197 Cisalpinae
989 2119 1106 2198 oppidis
1128 2120 1257 2198 probare

77 2253 79 2258 =
133 2225 258 2283 oonatus
280 2226 333 2282 eat
376 2224 464 2283 Hane
485 2241 558 2283 vero
580 2224 715 2284 Henzeni
738 2223 917 2283 seutentiam
940 2221 1166 2299 Marquardtus,
1188 2239 1256 2282 oum

134 2324 340 2402 quaestionem
363 2325 466 2386 denuo
485 2329 642 2404 traomet,
664 2325 728 2385 sere
749 2329 842 2385 totam
863 2324 1030 2401 adoptavit
1071 2326 1136 2384 Neo
1159 2324 1256 2384 minus

134 2427 365 2506 Wilmannsius,
387 2432 536 2505 quatenus
566 2447 604 2489 ex
627 2427 746 2506 ordine,
775 2446 835 2505 quo
858 2427 985 2487 indioem
1013 2427 1051 2486 ad
1074 2427 1257 2504 Augustales

133 2533 319 2607 spectantem
341 2530 494 2607 disposuit,
516 2531 659 2608 augurari
682 2531 761 2609 lieet,
782 2531 868 2590 istam
890 2531 976 2608 sequi
998 2530 1126 2591 videtur.

668 2730 725 2793 §a

352 2829 501 2884 Transitur
519 2829 558 2884 od
575 2830 796 2886 controversiam
814 2828 1041 2886 examinandam.

219 2940 281 2999 Iam
303 2939 514 3017 aggrediamur
540 2939 578 3000 ad
605 2940 760 3018 opiniones
791 2941 942 3000 hominum
973 2940 1147 3016 dootorum,
1180 2957 1257 3018 quas

134 3041 266 3102 brevIter
296 3042 436 3119 exposui,
466 3041 689 3103 examinandas.
732 3043 777 3103 Ao
799 3044 925 3119 primum
955 3042 1074 3120 quidem
1102 3042 1257 3120 perquira-

135 3162 208 3222 mus,
230 3161 301 3203 num
324 3162 433 3205 revera
454 3144 592 3204 diversus
620 3144 713 3206 fuisse
740 3144 886 3206 dicendus
915 3146 954 3206 sit
983 3150 1079 3206 status
1100 3145 1189 3205 huius
1212 3164 1256 3204 sa-

136 3239 264 3322 osrdotiiJ
284 3246 315 3305 in
338 3247 381 3306 eis
411 3247 598 3324 regionibus,
627 3248 677 3307 ubi
708 3249 818 3309 sexviri
846 3249 894 3307 vel
924 3248 1035 3308 sexviri
1065 3245 1172 3324 Aug..⁴)
1202 3248 1257 3308 soli

135 3348 336 3426 reperiuntur,
358 3351 388 3409 ot
410 3350 440 3409 in
464 3350 521 3426 eis,
543 3350 574 3408 iu
596 3351 705 3439 quibus
726 3369 786 3410 non
810 3352 942 3412 existunt
964 3350 1020 3410 uisi
1043 3350 1257 3429 Augustalium

224 3546 324 3610 l1200:
344 3544 456 3609 „dieses
473 3546 518 3600 als
536 3547 735 3618 ursprttnqlioh
756 3546 975 3618 voraosqesezu
993 3546 1175 3602 oortdltnis.“
1195 3550 1257 3600 212:

136 3628 200 3694 „die
215 3629 295 3698 form
320 3628 372 3685 der
396 3631 790 3705 Augustallcorpersotaften,
815 3634 861 3688 die
883 3634 934 3687 mir
956 3632 1029 3687 noct
1051 3632 1121 3686 Hrn.
1142 3633 1257 3703 Zumpts

135 3729 261 3784 oorqanq
274 3713 319 3769 als
332 3714 377 3769 die
390 3716 534 3786 eipentliolr
545 3718 751 3789 reprimussipa
770 3720 935 3789 menipsteus
947 3717 992 3773 als
1001 3717 1047 3772 die
1055 3717 1257 3788 volstdndtpste

135 3796 276 3852 auertant
293 3797 412 3854 haden.“
448 3805 511 3856 307:
535 3803 594 3867 „da
617 3802 659 3858 tot
682 3803 750 3859 ader
767 3805 796 3859 in
810 3804 868 3858 'den
888 3803 987 3859 Seoiru
1011 3802 1210 3874 ursprsinqliult
1228 3803 1257 3856 in

136 3882 188 3939 der
206 3887 247 3938 tat
264 3881 371 3939 tcomte
389 3885 440 3940 der
457 3888 631 3958 Augustales
650 3888 735 3944 sehon
753 3895 860 3944 muss.“

221 3970 244 4032 2)
262 3984 289 4035 p.
304 3973 360 4022 roe.
379 3973 436 4024 212.
691 3974 696 3983 ’

222 4055 244 4118 ³)
263 4051 297 4105 of.
308 4053 390 4108 etiam
401 4058 458 4125 212,
477 4059 525 4112 ubi
535 4075 551 4113 a
560 4059 730 4114 ooloniarum
740 4059 920 4131 pontificibus
929 4075 1073 4114 numerum
1083 4058 1256 4114 servitorum

136 4137 256 4193 derivari
281 4143 367 4206 vetat,
390 4143 472 4208 „weit
488 4144 533 4200 die
550 4146 644 4201 seviro
662 4162 717 4200 nur
736 4145 881 4201 vorsteter
899 4144 951 4201 der
969 4145 1148 4215 Augustales
1166 4143 1256 4199 sind.“

136 4222 257 4290 (correxi
274 4221 304 4274 in
323 4222 367 4279 his
385 4228 562 4283 manifestum
580 4230 743 4300 typothetae
762 4235 900 4299 erratum).

221 4324 244 4387 ⁴)
262 4322 304 4376 De
327 4314 459 4384 opinione
482 4331 591 4384 eorum,
614 4316 663 4384 qui
687 4317 769 4370 etiam
794 4317 901 4372 sevir-os
924 4312 1037 4384 Augu
1059 4315 1159 4370 seviris
1181 4314 1257 4369 nude

137 4403 220 4459 dietis
239 4406 335 4460 differe
347 4409 513 4470 statuerunt,
531 4401 671 4471 quomodo
685 4401 848 4470 iudioemus,
865 4400 938 4455 infra
950 4400 1063 4468 quidem
1075 4397 1258 4468 exponemus,

136 4489 261 4545 adhunc
279 4496 370 4545 autem
388 4487 578 4559 quaestionem
596 4485 665 4542 nihil
682 4486 791 4541 attinet.
