3180 5370
1226 419 1266 479 65

145 582 231 642 titulo
254 583 347 643 ueluti
372 602 408 642 ex
432 604 459 643 n.
476 588 515 644 23
539 585 773 646 luculentissime
796 593 921 664 apparet
936 590 1051 649 seviros
1067 609 1126 650 non
1139 591 1268 668 Augusti

145 685 239 745 solius
263 686 316 745 sad
340 689 470 746 omnium
485 688 698 763 imperatorum
709 686 732 761 ¹)
756 690 869 749 cultum
886 710 1015 751 curasse.
1059 694 1196 768 Namque
1212 695 1267 753 hos

148 787 224 847 duos
247 789 381 848 homines
404 792 559 865 quaternis
583 792 759 851 sacerdotiis
783 792 909 853 diversis
932 795 1099 855 cumulatos
1123 814 1188 855 esse
1210 814 1267 872 per

145 907 177 948 se
213 889 311 966 ipsum
348 891 426 951 foret
462 894 528 952 veri
564 894 772 969 perdissimile.
825 896 980 955 Postremo
1018 897 1095 980 haec.
1129 899 1268 975 exempla

145 992 408 1053 animadverterim
431 996 520 1053 etiam
544 1000 704 1072 propterea
727 1002 892 1056 memoratu
917 998 1007 1074 digna
1023 1017 1098 1078 esse,
1120 1000 1201 1076 quod
1224 1001 1266 1060 eis

144 1095 288 1171 probatur
321 1097 350 1152 in
385 1097 554 1173 municipiis
586 1099 735 1157 Nervam·
752 1118 873 1174 quoque
903 1101 982 1159 omni
1020 1101 1134 1161 honore
1167 1103 1266 1161 divino

144 1195 283 1257 affectum
313 1216 394 1274 esse,
428 1218 494 1257 cum
527 1201 557 1258 in
583 1201 658 1259 urbe
689 1219 785 1277 neque
817 1203 843 1260 ei
870 1220 967 1279 neque
993 1203 1124 1263 Traiano
1149 1205 1267 1264 sodales

145 1303 278 1359 sacratos
300 1318 365 1359 esse
390 1298 542 1373 constetl)
580 1302 628 1360 Ad
652 1322 741 1378 quam
764 1322 827 1362 rem
850 1304 927 1362 infra
954 1305 1065 1365 redibo.

229 1403 264 1460 In
288 1422 316 1461 n.
340 1406 380 1462 25
411 1406 540 1462 sevirum
563 1406 795 1463 Antoninianum
817 1424 925 1465 revera
947 1409 1088 1484 reperiri,
1119 1409 1174 1466 etsi
1197 1409 1267 1468 alibi
1289 1424 1330 1470 De
1354 1438 1379 1470 n.
1405 1433 1445 1484 ²5·

145 1503 243 1563 adhuc
274 1523 333 1563 non
364 1506 498 1583 emersit,
530 1507 691 1565 Huebnero
725 1526 779 1584 pro
811 1512 893 1567 certo
925 1507 1073 1569 affirmare
1096 1509 1187 1568 licuit.
1230 1511 1264 1569 In
1317 1490 1357 1538 ²⁶·
1383 1503 1423 1552 ²7·

144 1625 173 1664 n.
196 1609 236 1666 26
268 1610 366 1665 antem
391 1625 464 1666 cave
494 1608 626 1683 opineris
649 1609 777 1681 Septimi
800 1612 906 1669 Aureli
928 1611 1054 1685 Aupusli
1081 1612 1194 1670 saviros
1223 1613 1266 1670 in·

144 1708 329 1784 tellegendos
352 1727 424 1768 esse.
469 1711 561 1768 Immo
585 1709 836 1783 Septimianorum
860 1714 1095 1771 Aurelianorum
1118 1716 1266 1790 cognomi·

144 1811 231 1869 nibus
267 1811 446 1883 Augustales
481 1812 594 1869 saviros
630 1812 678 1870 hic
720 1814 820 1871 ornari
858 1815 1059 1874 Mommsenus
1098 1817 1266 1876 rectissime

144 1912 362 1976 animadvertit.
406 1913 538 1972 'situlum
562 1933 592 1972 n.
615 1917 664 1990 27,
687 1932 754 1972 eum
777 1919 846 1973 ante
869 1917 1024 1990 imperium
1047 1917 1087 1976 M.
1103 1917 1215 1977 Aurelii
1237 1922 1266 1977 et

144 2016 178 2073 L.
201 2015 271 2074 Veri
295 2015 476 2091 compositus
500 2034 566 2074 esse
590 2017 694 2092 utique
718 2022 864 2094 nequeat,
895 2024 928 2077 ut
951 2018 988 2077 ad
1011 2020 1084 2078 haee
1106 2020 1172 2095 ipsa
1193 2025 1266 2079 tem-

143 2135 218 2193 pora
239 2117 378 2192 referam,
402 2136 436 2176 eo
461 2118 614 2194 adducor,
642 2119 723 2195 quod
747 2120 927 2179 Huebnerus
957 2121 1064 2180 litteris
1086 2123 1199 2182 saeculi
1222 2140 1265 2182 se·

144 2219 233 2279 cundi
257 2237 324 2278 eum
347 2221 491 2295 seriptum
514 2238 580 2279 esse
603 2221 712 2280 docuit.

565 2545 648 2599 Pars
671 2543 843 2611 specialis.

695 2706 770 2775 5¹19.

484 2804 528 2862 De
551 2809 671 2862 sevirum
689 2809 759 2879 Aup.
779 2809 919 2865 electione.

228 2919 373 2992 Quoniam
386 2915 527 2979 'sevirum
549 2921 758 2995 Augustalium
782 2924 891 2979 statum
914 2922 945 2980 in
968 2922 1141 2981 universum
1162 2922 1264 2982 adnm-

141 3022 236 3099 bravi,
258 3040 338 3080 nunc
360 3023 479 3098 singula
501 3022 647 3099 quaedam
672 3022 879 3099 descripturus
902 3041 981 3101 sum,
1014 3043 1092 3100 quae
1115 3025 1154 3084 ad
1177 3025 1265 3084 huius

142 3123 268 3183 instituti
291 3124 425 3184 ordinem
448 3125 654 3201 rationemque
677 3129 822 3200 spectant.
867 3126 933 3198 Quo
957 3125 987 3184 in
1003 3144 1114 3202 genere
1136 3127 1264 3208 primum

143 3225 181 3284 de
203 3227 332 3284 sevirum
356 3226 502 3285 electione
524 3227 617 3285 verba
646 3227 762 3286 faciam.
807 3227 922 3300 Quodsi
945 3229 1116 3306 quaeritur,
1146 3230 1263 3288 cuinam
1298 3257 1432 3321 Zumptius

142 3326 193 3386 illa
215 3345 304 3387 curae
326 3327 425 3405 luerit,
448 3329 548 3405 opinio
572 3330 714 3405 Zumptii‚
742 3331 793 3405 qui
816 3330 1000 3402 Augustales
1023 3330 1144 3406 quidem
1173 3350 1191 3389 a
1214 3329 1264 3390 de-
1273 3325 1382 3374 breviter
1394 3342 1455 3375 0⁰¹¹·

143 3429 333 3507 carioribus,
366 3435 472 3490 eontra
493 3431 604 3490 serires
627 3430 663 3489 ab
695 3431 769 3506 ipsis
802 3431 920 3507 collegii
943 3432 1151 3507 Augustalium
1175 3433 1264 3492 sociis
1313 3393 1416 3444 tutatur.
1483 3428 1485 3433 ’

141 3530 237 3591 factos
259 3549 325 3591 esse
347 3529 489 3609 voluit³)‚
521 3550 646 3609 prorsus
677 3531 867 3609 repudianda
890 3538 943 3592 est.
987 3534 1124 3610 Namque
1153 3534 1265 3610 pendet

141 3638 233 3710 atque
256 3639 375 3694 emanat
397 3636 454 3694 ista
476 3635 595 3711 quidem
625 3653 661 3695 ex
684 3635 777 3711 falsa,
809 3654 898 3711 quam
929 3637 1048 3695 omnino
1078 3636 1115 3695 de
1137 3638 1264 3695 sevirum

142 3739 171 3794 et
187 3737 397 3810 Augustalium
420 3737 590 3822 discrimine
605 3738 661 3796 sibi
676 3737 829 3815 confinxit,
851 3738 1007 3797 sententia.
1051 3740 1078 3797 N
1083 3757 1141 3798 unc
1156 3743 1264 3816 autem,

144 3838 193 3898 ubi
219 3839 487 3898 demonstravimus
509 3843 604 3899 totum
627 3840 839 3916 Augustalium
867 3839 999 3898 ordinem
1029 3858 1047 3899 a
1075 3841 1179 3900 seviris
1207 3842 1263 3900 ori·

143 3941 242 4016 ginem
275 3942 403 4017 cepisse,
440 3940 476 4000 ab
511 3940 728 4014 Augustalibus
765 3942 878 3999 saviros
912 3947 1029 4001 creatos
1070 3960 1136 4002 esse
1177 3960 1263 4002 nemo

229 4139 250 4204 ¹)
266 4137 453 4191 Mommsenus
472 4137 540 4190 dicit
552 4137 667 4191 Hermes
687 4139 699 4191 l
718 4137 734 4191 l.
748 4137 764 4190 l.
784 4135 856 4198 „divi
872 4138 1015 4207 August&
1036 4139 1171 4200 „omilium
1188 4138 1262 4193 diuo-

142 4223 221 4274 rum“
234 4251 267 4259 -
280 4237 336 4275 non
350 4222 433 4277 bene:
452 4236 515 4274 nam
535 4223 641 4276 saviros
659 4222 733 4277 vivis
751 4222 964 4291 imperatoribus
983 4228 1105 4277 sacratos
1124 4238 1186 4276 esse
1200 4239 1263 4278 eou-

142 4312 206 4360 stat.
224 4305 260 4360 cf.
278 4323 304 4360 n.
321 4312 351 4360 14
371 4313 399 4361 et
417 4322 488 4375 quae
505 4304 578 4360 inira
596 4322 741 4376 exponam.

227 4396 251 4460 ²)
268 4390 302 4446 cf.
322 4393 433 4447 Dessan
451 4393 467 4446 l.
481 4392 497 4446 l.
517 4409 543 4459 p.
558 4395 614 4447 213.
769 4395 791 4460 ³)
809 4409 837 4462 p.
851 4398 891 4448 59.
