3180 5370
433 424 495 484 114

432 598 499 674 sint,
522 600 754 656 consentaneum
779 599 825 655 est
847 614 900 656 eoa
922 597 1019 673 primo
1047 596 1166 672 quidem
1190 597 1279 656 aude
1299 598 1469 658 seviratum
1489 614 1552 675 cap

244 712 285 758 De
306 711 415 788 sepirum
433 702 552 760 tavisse.
595 702 670 760 Nam
693 718 759 759 cum
783 701 850 775 ipsa
872 698 1000 775 dignitas
1023 700 1195 759 muneribus
1216 699 1460 778 insignibusque,
1479 718 1551 777 quac

250 786 409 827 auctontate.
433 804 470 862 ad
502 821 567 862 cam
599 804 804 880 pertinebant,
835 805 951 862 environ
979 801 1121 863 redderet
1155 803 1379 880 honoratiores,
1410 808 1477 864 turn
1505 804 1552 865 vol

432 907 558 964 maxime
580 904 748 964 sodalitatis
779 906 940 964 coorientis
963 907 1008 963 vis
1039 924 1075 964 ac
1097 905 1242 981 splendor
1264 907 1430 982 plurimum
1461 908 1553 983 potuit

432 1007 469 1065 ad
492 1009 678 1085 singulorum
702 1025 823 1083 quoque
846 1009 1055 1066 auctoritatem
1078 1006 1247 1083 aagendam
1263 1013 1294 1079 et
1307 1008 1552 1085 amplificandam.

432 1111 531 1169 Veluti
560 1111 633 1169 alias
656 1129 776 1187 quoque
798 1111 942 1187 imprimis
970 1111 1180 1170 coniunctione
1208 1112 1346 1197 effectum
1372 1129 1448 1189 *osse
1476 1110 1551 1171 vida-

433 1230 515 1289 mus,
545 1218 578 1271 ut
602 1213 736 1271 homines
760 1202 874 1288 'plebeii
905 1230 998 1288 supra
1020 1212 1221 1272 multitudinis
1245 1213 1443 1273 humilitatem
1468 1215 1552 1292 longe

431 1332 464 1373 se
486 1317 629 1374 efferrent
651 1321 683 1374 et
705 1316 794 1374 valde
817 1315 1011 1391 conspicuum
1042 1314 1071 1373 in
1096 1315 1215 1373 civitate
1243 1316 1341 1374 locum
1365 1322 1553 1393 occuparent.

431 1419 477 1477 lta
499 1418 587 1477 modo
610 1418 821 1493 Mercuriales,
844 1417 932 1476 modo
955 1417 1103 1494 vinarios,
1125 1417 1213 1477 modo
1235 1417 1363 1493 collegia
1385 1418 1506 1479 fabrum
1524 1422 1553 1479 et

432 1520 684 1596 dendrophorum,
708 1520 794 1579 modo
817 1523 876 1579 tria
892 1520 1018 1596 collegia
1041 1518 1182 1596 (labrum,
1205 1522 1464 1599 centonariorum,
1485 1521 1552 1583 den·

431 1619 629 1698 drophorum)
658 1623 689 1681 in
719 1624 922 1699 sportularum
946 1622 1092 1681 divisione
1123 1622 1190 1697 plus
1213 1624 1351 1699 accipere
1381 1628 1414 1683 ct
1445 1624 1553 1685 maiora

431 1724 545 1783 honore
574 1723 653 1782 allici
676 1725 810 1783 videmus
842 1743 932 1800 quam
966 1725 1113 1800 reliquum
1145 1726 1298 1801 populum.
1311 1723 1333 1795 ¹)
1394 1725 1499 1802 Atque
1523 1726 1552 1787 lv

431 1825 528 1885 Gallia
551 1827 741 1886 Narbonensi
762 1846 821 1886 non
845 1829 941 1886 solum
964 1828 1071 1886 seviris
1094 1826 1248 1886 sedetiam
1272 1828 1339 1886 aliis
1362 1828 1507 1905 collegiis·
1523 1829 1552 1889 in

431 1929 611 2004 spectaculis
634 1930 700 1988 loca
722 1947 856 1989 seorsum
880 1929 1039 2006 adsignata
1062 1948 1128 1989 esse
1151 1926 1296 1999 scimus.²)
1340 1931 1507 1991 Praeterea
1523 1931 1553 1991 in

430 2030 504 2090 urbo
527 2032 748 2107 apparitoribus
771 2037 915 2108 quantum
939 2031 976 2091 de
992 2031 1215 2091 consociatione
1236 2032 1403 2090 accreverit
1426 2032 1554 2093 auctori

430 2134 499 2193 tatis
522 2135 609 2210 periti
632 2152 691 2193 non
715 2132 891 2209 ignorant.³)
936 2134 994 2193 Sed
1018 2135 1108 2193 sevini
1125 2134 1308 2209 Augustales
1330 2133 1360 2192 in
1385 2134 1555 2212 municipiis

430 2237 539 2295 ceteris
560 2237 696 2312 collegiis
719 2235 789 2294 facti
812 2242 884 2294 sunt
905 2237 1075 2311 superiores
1098 2241 1128 2295 et
1150 2241 1301 2312 tamquam
1325 2236 1453 2297 alterum
1476 2237 1553 2297 ordi·

430 2358 496 2398 nem
521 2339 732 2398 decurionibus
754 2340 905 2414 proximos
927 2357 959 2398 se
982 2339 1193 2415 adiunxerant,
1214 2356 1274 2398 non
1298 2356 1358 2414 quo
1381 2339 1439 2398 soli
1462 2341 1554 2400 servi·

429 2448 499 2500 rent
519 2442 656 2518 publicae
680 2441 816 2518 utilitati,
838 2459 906 2500 cum
930 2447 1100 2501 ceterorum
1124 2441 1320 2517 collegiorum
1343 2446 1555 2503 caussaesset

430 2561 511 2603 mere
533 2545 652 2620 privata
668 2574 709 2582 -
726 2562 816 2620 quam
839 2543 899 2602 dixi
928 2561 994 2602 esse
1017 2543 1187 2619 opinionem
1211 2540 1376 2620 Hernogi,⁴)
1392 2525 1435 2583 έ-
1451 2562 1553 2604 rorum

429 2654 526 2705 tamen
550 2647 594 2705 illi
622 2647 660 2704 ad
684 2647 777 2706 multo
809 2649 923 2705 maiora
955 2664 1080 2704 munera
1112 2646 1268 2705 subeunda
1300 2645 1437 2705 obstricti
1467 2652 1555 2708 eraut

429 2766 517 2823 quam
541 2753 708 2808 ceterorum
732 2749 943 2826 collegiorum,
972 2766 1051 2824 quae
1073 2748 1111 2806 ad
1135 2766 1321 2807 communem
1344 2765 1431 2808 usum
1454 2755 1555 2810 efflent

429 2851 573 2928 instituta,
595 2852 677 2910 socii.
722 2853 829 2926 ltaque
852 2852 950 2909 oneris
973 2852 1114 2926 gravitati
1147 2850 1270 2909 honoris
1292 2850 1485 2926 splendorem
1507 2869 1553 2912 rc·

429 2954 585 3029 spondisse
609 2971 696 3012 nemo
724 2954 927 3012 admirabitur.
971 2954 1073 3030 Atque
1096 2953 1165 3012 inde
1189 2954 1277 3012 simul
1300 2953 1413 3030 elucet,
1441 2953 1554 3015 divitiis

429 3073 549 3133 quoque
572 3057 684 3115 seviros
707 3057 785 3115 inter
807 3057 887 3114 cives
910 3055 972 3114 fere
996 3056 1197 3130 praestitisse,
1226 3059 1259 3113 ut
1282 3056 1371 3114 etiam
1399 3063 1551 3134 tamquam

428 3176 500 3218 auro
524 3164 661 3235 potentes
684 3175 750 3216 cum
775 3157 988 3216 decurionibus
1020 3165 1050 3216 et
1071 3159 1191 3233 generis
1214 3158 1367 3217 nobilitate
1395 3162 1426 3217 et
1448 3177 1550 3219 mune-

428 3279 493 3319 rum
537 3261 793 3321 administratione
831 3261 993 3336 praecipue
1039 3260 1222 3335 pollentibus
1259 3260 1376 3336 possint
1412 3260 1552 3321 conferri.

428 3364 566 3424 Ceterum
590 3367 623 3421 ut
646 3364 828 3439 temporibus
851 3364 892 3421 ita
915 3364 989 3421 locis
1013 3362 1141 3422 diversis
1164 3363 1252 3420 etiam
1275 3363 1405 3421 sevirum
1423 3364 1550 3423 auctori·

427 3469 519 3525 tatem
554 3465 647 3524 fuisse
685 3466 834 3524 diversam
863 3469 1097 3525 consentaneum
1126 3470 1181 3524 est.
1228 3464 1324 3537 Quam
1357 3465 1396 3524 ob
1426 3483 1491 3526 rom
1521 3465 1551 3525 in

428 3569 579 3628 nonnullis
601 3569 704 3644 titulis,
727 3569 756 3626 in
781 3568 890 3643 quibus
913 3586 950 3626 ex
974 3586 1030 3627 usu
1053 3567 1172 3626 aliunde
1197 3567 1319 3643 cognito
1343 3571 1424 3627 certo
1448 3568 1551 3627 crede·

427 3672 560 3731 restore
583 3675 615 3730 ut
638 3689 740 3729 eorum
763 3671 873 3729 mentio
896 3669 989 3747 fieret,
1011 3669 1212 3746 praetermissi
1235 3666 1352 3744 sunt⁵);
1389 3669 1419 3727 in
1448 3670 1551 3730 multis

514 3887 534 3950 ¹)
552 3882 895 3937 cf.1.N.llt.1ee.2530.
915 3882 1007 3936 Or.-H.
1025 3885 1099 3935 slot.
1118 3881 1198 3935 Grut.
1210 3886 1270 3948 489,
1287 3886 1307 3935 l.
1327 3879 1361 3946 V,
1381 3886 1455 3936 7905.
1475 3885 1550 3936 tato.

510 3974 534 4036 2)
551 3969 586 4024 el.
605 3968 716 4036 Herzog
734 3968 750 4022 l.
768 3969 786 4021 l.
804 3984 831 4036 p.
851 3972 908 4021 204.

511 4058 533 4122 ³)
551 4055 587 4109 cf.
606 4055 765 4107 Mommsen.
784 4053 883 4107 Statsr.
902 4052 923 4120 I,
943 4055 1000 4106 326.

511 4144 534 4208 ⁴)
552 4142 569 4194 l.
587 4141 603 4193 l.
622 4157 649 4208 p.
669 4142 726 4192 202.

511 4230 535 4294 ⁵)
551 4225 586 4280 cf.
605 4227 705 4292 Egger.
718 4224 739 4276 Ι.
752 4229 810 4278 386.
829 4254 861 4262 -
880 4225 971 4277 Etiam
989 4224 1019 4277 in
1031 4222 1139 4276 Histria
1152 4229 1180 4277 et
1193 4231 1272 4290 parto
1285 4222 1418 4278 Venetiae
1429 4223 1549 4278 sevirum

424 4313 577 4367 securitas
595 4316 685 4363 minor
702 4308 791 4363 fuisse
808 4309 930 4363 videtur.
966 4309 1069 4363 Contra
1087 4308 1157 4362 fabri
1176 4316 1205 4363 et
1216 4309 1367 4363 centenarii
1382 4308 1487 4363 ibldem
1502 4310 1550 4362 mi·

426 4413 486 4452 rum
504 4403 638 4465 quantum
656 4394 772 4463 pollent.
