3180 5370
1206 485 1265 547 103

143 651 220 721 dnos
242 653 330 714 simul
352 672 578 730 nonnumquam
610 674 712 717 euram
735 656 832 732 egisse
865 656 952 716 dotet
968 677 1002 718 n.
1025 659 1053 719 b.
1096 659 1191 719 Porro
1216 677 1264 718 ou-

143 759 259 816 ratores
280 774 401 832 quoque
424 743 496 834 quin
519 758 609 817 sevini
630 757 687 834 ipsi
709 757 806 818 ordini
835 776 888 825 suo
911 758 1115 837 praefeoerint
1135 779 1196 821 non
1218 765 1265 823 est

143 855 275 917 dubium
318 859 424 935 Itaque
438 877 563 919 munera
585 859 705 937 publiea
728 878 787 920 non
811 861 968 921 subierunt
991 862 1045 922 nisi
1070 862 1149 922 ultro
1166 865 1196 922 et
1210 880 1264 923 sua

143 959 306 1023 ambitione
328 960 459 1021 adducti.
502 962 604 1039 Atque
627 980 695 1025 aras
718 948 877 1039 statuasve
894 961 988 1025 Genio
1012 964 1147 1025 oolouiae
1171 963 1286 1047 muni,

143 1061 240 1138 oipive
264 1066 295 1123 et
316 1066 471 1125 curatores
494 1067 524 1123 et
546 1064 789 1141 quinquennales
812 1064 953 1126 dedioare
976 1066 1103 1127 maxime
1124 1065 1266 1126 videntur

143 1165 344 1225 consuevisse.
357 1163 378 1232 ¹)
434 1165 519 1239 Quae
551 1184 644 1243 opera
672 1184 782 1227 vereor
810 1154 847 1227 ne
878 1186 938 1229 nou
966 1168 999 1226 in.
1027 1168 1100 1228 loeis
1129 1167 1266 1244 publicis,

143 1266 197 1327 sed
226 1268 325 1344 potius
352 1268 384 1328 in
415 1269 545 1328 sevirum
573 1267 673 1329 fundis
694 1268 820 1345 privatis
848 1266 912 1328 lere
935 1271 1146 1347 exstruxerint,
1167 1269 1210 1330 ita
1232 1272 1289 1348 ut·

142 1388 250 1441 revera
273 1389 310 1430 ue
339 1370 414 1430 haee
444 1370 510 1447 ipsa
542 1369 662 1448 quidem
693 1369 812 1446 publiea
842 1375 949 1433 essent
993 1373 1071 1432 Nam
1100 1372 1265 1449 requiritur

142 1471 172 1530 in
193 1471 289 1536 titulis
312 1472 370 1533 huo
394 1472 571 1535 audentibus
594 1473 726 1538 solemne
748 1472 837 1533 illud:
861 1473 928 1554 qd.
952 1474 982 1534 d.
1004 1471 1067 1546 dl)
1109 1473 1263 1534 Interdum

144 1592 231 1634 areae
253 1575 382 1652 sevirum
406 1574 575 1634 invenimus
605 1592 748 1635 summam
770 1574 916 1649 peouniae
945 1575 983 1635 ob
1006 1577 1149 1637 honorem
1173 1560 1264 1646 eume

142 1675 265 1736 inlatam
302 1694 368 1736 esse
381 1673 421 1754 ³),
463 1695 531 1736 oum
569 1677 606 1736 ob
644 1678 785 1740 honorem
823 1677 972 1738 seviratus
1008 1679 1038 1737 in
1068 1696 1130 1738 rem
1167 1677 1263 1756 publi·

143 1796 208 1838 eam
232 1778 424 1838 honorarium
459 1778 525 1839 dari
556 1778 701 1839 debuerit.
746 1781 792 1838 De
814 1780 942 1856 negotiis
972 1784 1070 1841 autem
1093 1783 1264 1841 curatorum

142 1881 220 1941 idem
254 1880 318 1940 iere
347 1882 440 1960 valet,
477 1881 557 1958 quod
590 1881 628 1941 de
666 1882 941 1959 quinquennalibus
973 1901 1066 1959 supra
1095 1881 1263 1962 exposui⁴t
1308 1864 1310 1868 ’

142 1984 204 2042 Iam
227 2001 299 2044 vero
322 2002 360 2044 ex
383 1985 434 2062 eis,
456 2002 533 2061 quae
557 1982 594 2044 de
616 1983 672 2048 hae
696 1983 819 2042 materia
834 1983 913 2044 diota
929 1988 1007 2061 sunt,
1029 1988 1145 2044 tantum
1161 1985 1265 2062 liquet,

142 2076 262 2162 utrique
284 2087 513 2162 magistratuum
535 2078 640 2163 generi
660 2085 758 2145 looum
780 2104 842 2146 non
872 2085 981 2164 fuisse,
1012 2085 1069 2146 nisi
1100 2087 1162 2146 ubi.
1177 2086 1264 2148 ordo

142 2187 352 2265 Augustalium
376 2187 474 2250 faetus
498 2193 544 2248 est
575 2189 658 2247 otiu
681 2187 873 2264 collegiorum
900 2175 1025 2248 formam
1048 2207 1081 2248 se
1104 2190 1265 2257 constituit

142 2291 271 2350 Maxime
300 2291 390 2366 igitur
421 2295 484 2350 tum
516 2294 590 2368 puto
611 2290 791 2351 -huiusmodi
824 2292 1050 2369 magistratuum
1083 2291 1264 2352 desiderium

143 2393 327 2470 apparuisse,
349 2397 510 2470 postquam
537 2393 689 2470 peenlium
719 2394 875 2469 possidere
904 2392 995 2470 atque
1024 2413 1124 2454 aream
1155 2393 1265 2454 habere

142 2495 234 2554 sevini
255 2497 463 2572 eoeperuut¹i
486 2515 512 2556 e.
533 2497 627 2556 altero
650 2515 680 2572 p.
703 2496 772 2557 Chr.
802 2496 930 2556 saeculo.
974 2497 1019 2557 Ao
1042 2496 1143 2556 titulos
1172 2513 1265 2572 supra

142 2598 313 2674 propositos
336 2601 369 2657 ut
390 2599 479 2658 aetati
504 2599 597 2658 multo
621 2598 784 2675 antiquiori
805 2596 1020 2678 attribuamus,
1048 2618 1109 2676 qua
1131 2616 1163 2657 re
1186 2616 1264 2658 oom-

141 2699 296 2777 pollamur,
319 2719 379 2760 uon
402 2699 499 2782 video.
542 2702 704 2760 Praeterea
732 2703 847 2761 tantum
877 2701 980 2762 aberat
1011 2706 1043 2760 nt
1066 2700 1209 2760 omnibus'
1231 2701 1262 2761 iu
1280 2710 1381 2759 Nonin
1398 2725 1450 2758 om·
1486 2712 1491 2724 ¹

142 2801 261 2878 oppidis
282 2803 359 2862 tales
382 2804 575 2880 magistratus
598 2802 840 2880 instituerentur,
873 2807 906 2863 ut
933 2804 974 2874 iu,
993 2802 1145 2883 plerisque
1175 2803 1263 2863 etiam
1272 2777 1468 2910 ζέῗέἕξξξῗΐς

141 2903 260 2964 interna
292 2904 405 2965 ordinis
437 2905 558 2981 negotia
576 2904 696 2969 ,seviris
730 2905 864 2964 euranda
896 2905 988 2964 fuisse
1021 2905 1181 2964 verisimile
1199 2905 1262 2970 ,sit
1308 2915 1418 2965 fuerunt.
1457 2955 1459 2961 .

143 3007 220 3066 Nam
244 3006 427 3083 perexiguus
450 3010 495 3067 est
518 3025 661 3067 numerus
684 3000 848 3085 titulorum,
872 3007 980 3084 quibus
996 3007 1265 3083 quinquennalium

143 3112 173 3172 et
195 3112 367 3169 erratorum
399 3103 540 3170 memoria
571 3113 719 3169 servatur.
764 3110 844 3183 Quin
874 3109 962 3178 etiam
993 3109 1172 3170 documento
1194 3108 1264 3174 mihi

143 3210 248 3271 videor
271 3212 465 3287 comprobare
487 3230 577 3289 posse
601 3213 716 3272 seviros
736 3213 916 3288 plerumque
939 3229 1039 3271 euram
1062 3211 1177 3271 ordinis
1198 3229 1264 3288 ges·

143 3313 225 3374 sisse.
268 3315 346 3375 Nam
369 3315 456 3374 titulo
479 3314 615 3375 Comensi
639 3334 667 3372 n.
685 3318 712 3393 6,
735 3315 855 3374 eumin
879 3314 964 3374 initio
987 3315 1087 3374 neseio
1110 3319 1184 3391 quot
1199 3332 1263 3374 ver·

142 3433 229 3476 suum
252 3415 391 3476 damnum
414 3415 527 3494 feeerit,
549 3417 624 3477 nihil
647 3417 748 3476 obstat
771 3435 808 3477 ne
830 3435 885 3476 sex
898 3417 1011 3475 severos
1027 3421 1056 3474 et
1070 3417 1263 3490 Augustales,

143 3518 280 3578 nimirum
303 3520 373 3579 anni
397 3524 469 3579 tuno
492 3520 588 3596 ipsum
611 3518 696 3595 finiti,
720 3519 757 3578 ob
780 3535 882 3578 euram
905 3518 1021 3594 integre
1044 3536 1080 3577 ae
1101 3518 1265 3580 liberaliter·

142 3626 257 3697 gestam
281 3621 421 3682 honorari
444 3639 627 3682 censeamus.
671 3622 748 3681 Nam
771 3639 824 3680 aex
847 3621 896 3681 vel
919 3623 1001 3680 oerte
1017 3621 1150 3697 quinque
1173 3637 1265 3680 euru-

144 3729 225 3783 tores
246 3725 384 3800 proprios
409 3724 439 3783 iu
463 3725 568 3784 eodem
591 3722 697 3789 ordine
719 3723 809 3783 simul
836 3724 926 3783 rebus
948 3721 1115 3799 praefuisse
1138 3729 1266 3784 nonest

143 3827 304 3886 verisimile
334 3845 433 3903 neque
466 3827 559 3886 ullum
591 3830 690 3887 exstat
720 3824 801 3885 aliud
835 3825 986 3885 indicium.
1031 3823 1155 3884 Aoeedit
1183 3825 1264 3902 quod

144 3934 314 3989 curatorum
336 3931 527 4005 propriorum
550 3929 633 3990 Comi
654 3928 752 3990 adhue
778 3929 891 3988 nullum
914 3929 1034 3988 emersit
1055 3927 1222 4004 vestigium.

230 4031 424 4104 Praefectum
445 4032 539 4109 Aug,
569 4033 621 4108 qui
651 4031 742 4091 semel
772 4035 1019 4090 commemoratur
1049 4029 1181 4106 Aquiuei
1208 4028 1262 4106 lll,
1288 4040 1443 4098 Praefectus,

145 4137 236 4211 3487,
268 4133 386 4193 easdem
410 4138 512 4210 partes
535 4135 630 4211 egisse
653 4151 728 4210 quas
752 4133 821 4192 alibi
844 4133 1087 4209 quinquennales
1108 4132 1155 4190 vel
1179 4149 1262 4191 eura·
1286 4115 1443 4173 quaestores.

231 4368 251 4432 ¹)
267 4380 295 4418 n.
313 4370 337 4418 8.
359 4369 396 4418 ll.
414 4380 442 4432 p.
454 4370 494 4431 96,
512 4379 539 4418 n.
554 4367 593 4418 16.
700 4362 776 4430 ²)ef.
795 4363 878 4420 etium
897 4361 931 4431 V,
950 4365 1026 4417 4203.
1083 4410 1085 4415 .

228 4451 347 4516 ³)n.tl.
366 4453 389 4505 5.
449 4452 472 4517 ⁴)
491 4445 527 4503 of.
545 4452 600 4503 ne
619 4451 647 4504 et
670 4452 699 4502 16
717 4455 746 4503 et
767 4452 808 4503 18:
840 4450 957 4504 ouralor
977 4450 1110 4516 arque).
1140 4443 1142 4446 ’
