3142 5138
1256 533 1275 592 3

154 702 358 777 quaestionem
382 702 464 761 illam
487 702 698 779 difficillimam,
722 703 821 779 quoad
842 704 906 762 eius
920 703 986 763 lieri
1000 708 1111 781 posset,
1133 703 1171 763 ad
1186 703 1276 764 tinem

152 801 278 877 perduci
287 801 318 874 ¹).
362 803 462 877 Quare
485 806 664 864 necessitate
686 804 835 864 scribendi
858 806 995 880 imposita
1017 805 1055 864 ad
1079 806 1157 864 hanc
1178 807 1275 882 ipsam

153 905 357 980 quaestionem
402 905 501 965 denuo
545 906 754 973 excutiendam
800 906 954 965 adcinoeus
999 925 1073 966 sum.
1126 908 1192 966 Nec
1228 926 1275 967 me

153 1003 364 1066 deterruerunt
394 1027 412 1066 a
441 1008 597 1085 proposito
625 1026 689 1068 mec
720 1007 914 1068 difficultates
944 1015 1033 1069 antea
1061 1009 1133 1067 mihi
1155 1010 1275 1085 ignotae

152 1107 205 1166 sed
229 1127 298 1168 mox
321 1111 434 1169 obviae.
478 1110 559 1184 Quas
574 1114 608 1169 ut
623 1111 693 1169 mihi
709 1110 811 1171 videar
827 1129 930 1170 omnes
945 1111 1134 1187 expedivisse
1149 1112 1274 1171 multum

153 1209 246 1269 abest.
296 1212 460 1284 Contentus
490 1231 557 1289 ero,
589 1213 748 1273 dummodo
772 1213 813 1287 ei,
842 1214 951 1289 quibus
980 1214 1005 1272 si
1033 1233 1092 1272 non
1121 1213 1277 1291 displiceat

152 1312 321 1375 dissertatio
345 1333 425 1392 mea,
447 1333 591 1374 summum
615 1316 685 1374 mihi
708 1315 859 1376 videbitur
882 1316 991 1375 laboris
1013 1318 1192 1394 praemium,
1215 1336 1274 1376 non

152 1433 276 1492 prorsus
307 1417 419 1477 frustra
453 1437 499 1477 me
532 1437 652 1494 operam
681 1418 863 1495 impendisse
893 1420 952 1478 sint
980 1418 1151 1478 iudicaturi.
1194 1421 1275 1479 Inter

154 1535 230 1593 quos
252 1516 339 1579 etiam
364 1528 434 1580 sunt
457 1521 602 1598 nonnulli,
625 1523 675 1596 qui
693 1521 817 1581 consilio
833 1521 969 1581 doctrina
986 1522 1066 1581 libris
1082 1523 1275 1581 commodatis

151 1620 339 1704 multifariam
362 1623 392 1680 in
416 1642 517 1699 opera¹
532 1642 596 1681 mea
619 1624 689 1681 mihi
711 1624 925 1683 subvenerunt
957 1625 980 1682 li
1000 1627 1171 1702 propterea,
1193 1623 1274 1701 quod
1382 1701 1385 1705 ἱ

152 1725 324 1783 nominatim
359 1725 407 1783 hic
441 1727 483 1784 eis
513 1726 627 1801 gratias
658 1744 747 1802 agere
780 1727 880 1803 omisi,
917 1725 1013 1785 nolint
1046 1728 1194 1803 ingratum
1228 1745 1274 1786 me
1385 1708 1388 1713 ¹

152 1827 329 1886 existimare.
380 1829 421 1885 At
455 1829 605 1886 enimvero
633 1829 789 1904 timebam,
822 1829 845 1886 si
876 1828 932 1886 hoc
955 1827 1107 1905 fecissem,
1140 1848 1177 1888 ne
1207 1830 1275 1905 quis

152 1928 356 2005 suspicaretur
387 1930 499 1990 idcireo
528 1930 794 1989 nominaillustria
817 1931 846 1988 in
870 1930 1005 2005 opusculi
1030 1932 1086 1990 mei
1106 1929 1206 1990 frome
1229 1949 1275 1990 me

100 2036 111 2046 ·’
151 2029 289 2108 infixisse,
321 2014 446 2092 atinde
470 2035 499 2091 in
522 2032 597 2092 illud
621 2032 767 2092 reluceret
789 2031 903 2109 aliquid
926 2033 1110 2111 splendoris,
1137 2052 1197 2110 quc
1220 2051 1275 2108 per

151 2148 183 2190 se
205 2134 303 2209 ipsum
326 2138 448 2194 careret.
677 2202 683 2209 ¹
890 2115 896 2121 ’
1204 2141 1212 2150 “

236 2238 281 2296 Dc
303 2236 437 2297 fontibus
459 2235 582 2296 verbum
606 2237 720 2295 addam.
764 2235 897 2312 Oorpora
919 2238 1159 2315 inscriptionum,
1186 2241 1271 2313 quot
1306 2227 1411 2274 Fontes.

151 2344 225 2414 quot
253 2344 355 2399 nostra
383 2344 480 2399 aetate
512 2340 688 2416 prodierunt
717 2340 880 2399 secundum
912 2340 1024 2417 oppida
1053 2343 1083 2400 et
1103 2341 1275 2416 provincias
1365 2323 1373 2333 ’

152 2443 328 2520 composita,
359 2443 499 2518 religiose
523 2461 568 2501 me
591 2441 764 2501 exhausisse
788 2443 888 2519 periti,
909 2459 1008 2520 spero,
1030 2461 1090 2501 non
1113 2441 1275 2519 negabunt.
1357 2437 1361 2444 “

150 2543 294 2604 Aemiliae
327 2544 467 2620 Umbriae
499 2543 599 2603 Piceni
629 2544 766 2603 Etruriae
795 2561 905 2620 corpus
936 2544 1016 2620 quod
1048 2544 1119 2603 mihi
1142 2543 1274 2603 nondum

151 2650 272 2724 praesto
295 2647 350 2706 fuit
372 2648 405 2705 Ε.
428 2649 631 2723 Burmannus,
663 2665 757 2722 penes
788 2665 876 2721 quem
907 2648 1012 2705 merito
1040 2651 1085 2705 est
1114 2634 1202 2706 huius
1230 2647 1273 2705 rei

152 2750 309 2826 iudicium,
331 2749 417 2808 nimis
440 2769 486 2808 me
510 2749 610 2809 dolere
633 2751 740 2825 vetuit,
763 2750 834 2824 quia
856 2749 902 2807 bis
923 2749 998 2808 locis
1020 2748 1086 2808 iere
1109 2747 1274 2809 defuissent

150 2863 322 2927 permagna·
337 2852 456 2929 oppida,
477 2854 508 2910 in
531 2851 640 2928 quibus
662 2851 893 2934 Augustalitatis
908 2840 1074 2910 institutum
1091 2852 1129 2911 ad
1145 2851 1274 2927 singula·

152 2971 214 3033 rem
245 2953 460 3030 perfectionem
491 2953 637 3029 potuisset
660 2953 764 3011 excell.
809 2942 947 3012 Ceterum
970 2971 1030 3012 non
1053 2941 1148 3012 solnm
1169 2942 1274 3013 titulos
1382 3015 1386 3022 ,

156 3055 262 3116 harum
284 3058 439 3132 regionum
463 3058 520 3115 iam
542 3056 622 3133 typis
637 3072 794 3141 expressos
810 3058 843 3113 ut
857 3056 1044 3132 inspicerem,
1067 3057 1273 3116 verumetiam

152 3157 279 3217 schedas
307 3176 395 3236 suas,
426 3163 554 3241 quaest
576 3154 768 3234 liberalitate,
796 3160 832 3217 ut
853 3157 890 3216 de
907 3151 1072 3217 'nonnullis
1086 3157 1273 3217 consulerem

151 3258 220 3336 milri
251 3262 393 3337 permisit.
426 3262 542 3321 ·Maius
572 3260 781 3340 detrimentum
816 3261 1057 3332 commentationi
1090 3278 1173 3319 meae
1203 3246 1273 3319 inde

151 3367 239 3439 putes
263 3363 399 3423 obortum
422 3381 502 3441 esse,
530 3363 611 3439 quod
639 3381 749 3441 corpus
771 3363 950 3439 oppidorum
973 3364 1084 3421 Romae
1106 3361 1273 3421 vicinorum

151 3465 283 3525 nondum
314 3466 478 3543 perfectum
508 3471 561 3525 est
612 3466 653 3526 Aa
687 3466 728 3524 ibi
751 3483 950 3542 quaecunque
972 3466 1099 3541 primum
1121 3464 1151 3522 in
1175 3464 1273 3523 lucem

151 3567 302 3644 prodeunt
323 3569 478 3646 graviora,
508 3568 539 3627 in
570 3570 645 3628 actis
675 3573 704 3628 et
726 3568 884 3628 annalibus
906 3568 1034 3627 instituti
1056 3566 1275 3642 archaeologici

152 3688 218 3730 mox
248 3671 360 3747 publici
390 3671 463 3741 iuris
492 3669 556 3730 fieri
586 3671 692 3730 solent
741 3669 879 3730 Ceterum
903 3687 981 3745 quae
1003 3671 1060 3728 iam
1083 3669 1166 3745 prius
1188 3672 1275 3728 erant

59 3840 66 3844 „
153 3773 304 3849 publicata
331 3773 369 3831 ad
392 3773 574 3850 Augustales
596 3773 792 3850 pertinentia,
814 3772 861 3831 ab'
875 3773 1018 3830 Henneno
1040 3772 1071 3850 in
1094 3770 1274 3829 collectione

152 3872 238 3947 sual)
268 3877 424 3935 maximam
455 3879 571 3952 partem
600 3874 818 3950 comprehensa
846 3879 876 3932 et
911 3874 947 3932 ad
979 3890 1136 3942 censuram
1168 3876 1274 3931 vocata

152 3960 236 4036 sunt¹
273 3976 355 4053 Ergo
379 3977 513 4036 existimo
537 3976 573 4036 de
597 3977 654 4035 hac
676 3976 797 4053 quidem
821 3994 853 4034 re
876 3993 913 4034 ex
936 3977 1068 4051 corporis
1089 3973 1273 4050 perfectione

152 4079 274 4139 multum
298 4097 401 4139 novae
417 4079 596 4156 cognitionis
618 4098 678 4139 non
695 4096 760 4138 esse
775 4076 1021 4138 redundaturum.
1050 4078 1163 4136 Harum
1183 4076 1274 4152 igitur

150 4183 304 4259 regionum
327 4182 430 4242 titulos
452 4182 517 4258 ipse
539 4187 693 4258 utcunque
715 4182 800 4258 potui
822 4180 956 4256 undique
979 4179 1101 4256 collegi,
1132 4179 1274 4238 collectos

240 4417 248 4446 i

239 4415 502 4564 ²lb’rll1l2uonren
519 4496 568 4563 ΙΙΙ,
587 4513 614 4564 p.
626 4499 676 4550 426
683 4510 720 4549 ss.
