3180 5370
1223 444 1269 552 ‘ss

148 659 308 734 Bcuiauae
330 659 524 734 concubinae,
547 661 643 722 Titiae
668 662 794 737 Chresto
809 664 838 735 i,
864 660 954 724 Chloe
973 664 1094 730 delicio.
1106 661 1128 736 ¹)
1164 665 1271 742 ltaque

148 781 243 840 supra
273 763 391 824 titulum
418 765 465 822 vir
492 768 612 841 togatus
644 756 775 825 caelatus
805 769 852 825 est
873 766 989 826 medius
1005 767 1089 827 ,inter
1111 767 1187 827 duas
1210 786 1271 826 mu-

147 864 245 941 lieres,
268 885 394 943 quarum
411 885 471 945 una
486 866 629 927 infantem
645 868 676 926 iu
690 866 829 927 bracchio
844 871 935 928 tenet.
971 870 1017 928 De
1032 869 1079 928 his
1094 887 1133 930 ne
1147 870 1271 930 verbum

148 967 270 1045 quidem
293 968 399 1029 dicam.
443 969 527 1029 infra
549 969 669 1030 titulum
692 973 774 1030 stant
796 970 856 1030 duo
878 970 1011 1031 homines
1033 972 1128 1048 togati
1149 972 1271 1033 bacillos

147 1074 314 1148 gestantes3
336 1071 415 1130 inter
438 1089 489 1131 eos
513 1090 615 1131 mensa
638 1073 771 1132 cernitur
795 1064 861 1132 cum
877 1072 1015 1150 imposita
1030 1091 1158 1152 corona;
1180 1092 1271 1151 supra

147 1189 280 1233 mensam
303 1173 363 1232 duo
386 1191 459 1232 vasa
482 1173 657 1249 factasunt,
680 1175 808 1235 alterum
831 1193 931 1253 uuam,
953 1177 1078 1236 alterum
1093 1176 1168 1237 duas
1183 1195 1271 1236 ansas

146 1275 295 1335 habentia.
340 1277 372 1334 ln
395 1275 540 1336 lateribus
564 1276 623 1336 duo
646 1278 732 1353 paria
747 1278 926 1338 athletarum
941 1278 991 1349 vel
1005 1279 1139 1355 pugilum
1154 1279 1272 1340 adiecta

147 1382 226 1438 suut.
270 1380 395 1438 Restant
410 1378 488 1439 duae
505 1379 690 1448 Amazonum
702 1380 870 1445 ettotidem
885 1380 987 1440 Samni
1000 1382 1151 1458 imagines,
1167 1382 1272 1458 quales

146 1482 176 1539 in
200 1481 346 1557 sepulcris
367 1485 437 1540 sunt
458 1481 726 1557 frequentissimae.
756 1484 840 1542 Haec
854 1482 916 1543 fere
932 1485 1029 1543 omnia
1045 1483 1083 1544 ad
1098 1483 1271 1561 spectacula

146 1581 306 1643 referenda
329 1601 394 1643 esse
419 1584 456 1643 ob
479 1582 623 1644 honorem
646 1585 794 1644 seviratus
817 1584 917 1645 aSex.
940 1585 1032 1646 Tittio
1055 1585 1167 1648 Suasae
1190 1586 1271 1646 edita

146 1685 257 1762 cuique
284 1685 422 1745 elucebit.
465 1686 543 1746 Nam
567 1704 680 1746 corona
701 1687 731 1745 iu
755 1705 857 1746 mensa
879 1705 966 1747 sacra
988 1688 1085 1764 posita
1105 1689 1270 1765 praemium

146 1791 192 1848 est
214 1789 320 1848 victori
344 1788 530 1848 destinatum.
574 1790 664 1848 Urcei
685 1789 787 1848 viuum
810 1790 965 1849 continent
979 1789 1017 1849 ad
1040 1790 1207 1868 libationes,
1221 1792 1271 1850 vel
1328 1801 1329 1807 ’

145 1890 259 1967 oleum,
289 1909 348 1966 quo
377 1890 506 1967 pugiles
525 1893 708 1967 unguantur.
759 1891 896 1952 Lictores
925 1891 985 1952 duo
1007 1895 1077 1952 sunt
1097 1892 1165 1952 Sex.
1182 1893 1270 1953 ,'littii

145 1992 236 2054 seviri
259 1993 454 2070 apparitores.
498 1993 600 2052 Habes
623 1993 714 2078 igitup
736 1992 785 2052 hio
808 2012 919 2053 novum
934 1993 1147 2054 documentum
1162 1995 1270 2054 multo·

144 2114 219 2173 rum,
241 2114 319 2172 quae
343 2095 379 2155 de
401 2095 731 2155 sevirummuneribus
753 2101 843 2171 atque
865 2097 1031 2172 insignibus
1052 2094 1220 2171 docuimus.

230 2301 292 2358 Iam
321 2300 359 2359 de
388 2279 503 2359 iuribus
534 2299 759 2376 insignibusque
776 2310 879 2377 'quae,
915 2299 985 2358 dum
1016 2319 1139 2362 munere
1168 2319 1268 2362 annuo
1293 2301 1389 2381 ‘bisne
1406 2283 1449 2350 inl

143 2402 323 2480 funguntur,
354 2402 459 2462 seviris
491 2402 734 2462 concedebantur
764 2421 823 2462 non
846 2402 943 2462 habeo
965 2401 1047 2480 quod
1070 2403 1201 2463 addam.
1228 2370 1466 2487 Atsrgprfflgrqlstra

110 2516 115 2528 ·
143 2508 284 2583 superest
314 2508 346 2564 ut
369 2503 518 2580 quaedam
540 2522 687 2579 exponam
720 2504 757 2563 de
787 2506 969 2564 ornamentis
996 2510 1026 2564 et
1053 2506 1268 2578 emolumentis,
1285 2522 1456 2585 annumncon-

144 2608 253 2684 quibus
279 2593 359 2666 ultre
387 2606 458 2665 anni
482 2606 610 2681 spatium
632 2624 686 2682 per
715 2625 831 2666 omnem
858 2608 950 2665 sitam
973 2607 1063 2666 seviri
1085 2606 1270 2667 fruebantur.
1330 2590 1415 2624 Μ’

141 2711 280 2786 Namque
311 2710 440 2786 primum
470 2708 652 2768 solemnibus
682 2709 808 2768 maxime
842 2709 872 2768 in
902 2710 1090 2785 imperatoris
1126 2709 1270 2769 honorem

141 2812 284 2872 institutis
299 2815 503 2889 praetextatos
518 2811 586 2870 illos
602 2811 665 2870 fere
676 2812 808 2871 adfuisse
820 2830 886 2871 cum
899 2795 1125 2888 magistratuum
1135 2812 1270 2889 exemplo

142 2911 402 2992 comprobatur²)‚
432 2917 494 2973 tum
518 2932 567 2991 eo,
596 2912 676 2989 qnod
701 2915 836 2990 quamvis
860 2913 994 2972 defuncti
1018 2914 1149 2974 seviratu
1171 2917 1270 2974 tamen

142 3011 630 3093 oole1·eampliusdieuntnr.³)
674 3015 799 3076 Accedit
826 3014 906 3094 quod
930 3016 1021 3075 veluti
1046 3015 1236 3093 magistratus
1244 3013 1269 3089 ⁴]

142 3121 185 3179 sic
208 3119 323 3178 serires
347 3122 479 3178 mortuos
502 3118 625 3178 honoris
647 3117 814 3194 insignibus
837 3118 930 3177 velari
953 3114 1110 3190 consati]
1135 3158 1137 3165 ›

228 3203 345 3281 Deinde
370 3221 400 3279 in
422 3220 502 3280 ludis
525 3221 697 3298 spectandis
720 3238 776 3280 nec
798 3238 857 3279 non
880 3220 909 3279 iu
926 3221 1008 3280 cenis
1024 3220 1153 3298 publicis
1169 3219 1269 3297 Augu·

142 3322 267 3383 stalibus
290 3341 423 3383 seorsum
454 3324 553 3382 locum
584 3322 686 3382 datum
718 3341 782 3382 esse
805 3323 862 3381 iam
884 3321 954 3381 inde
976 3327 1113 3400 apparet,
1135 3322 1217 3398 qnod
1239 3323 1269 3382 in

142 3427 346 3504 sportularum
375 3426 521 3486 divisione
551 3444 669 3502 semper
696 3425 758 3486 fere
787 3426 856 3502 plus
880 3426 1030 3503 accipiunt
1053 3444 1141 3502 quam
1163 3425 1269 3500 reliqui

143 3529 307 3605 municipes
331 3529 543 3589 decurionibus
566 3529 706 3604 exceptis.
756 3529 833 3588 Tum
862 3528 988 3604 legimus
1017 3529 1047 3588 in
1075 3527 1196 3587 decreto
1219 3527 1270 3588 illo

143 3632 265 3693 Ovirum
304 3633 471 3693 Veientium
511 3632 569 3691 iam
608 3631 727 3708 saepius
767 3627 940 3706 allegato⁶):
994 3632 1146 3703 liceatque
1178 3630 1207 3688 ei
1239 3631 1271 3687 iu
1303 3685 1305 3689 .

143 3715 278 3793 omuibus
321 3736 506 3808 spectaculis
539 3734 702 3807 multicipio
734 3737 838 3792 uastro
877 3731 990 3791 biscllio
1024 3735 1157 3806 proprio
1191 3733 1271 3790 iuter

144 3837 330 3910 Augustulus
354 3837 524 3895 causiacus.
567 3835 710 3895 Videmus
733 3835 824 3910 igitur
846 3835 900 3895 hos
924 3853 962 3894 es
984 3836 1049 3895 loco
1072 3835 1210 3910 separato
1226 3833 1270 3894 lu·

231 4035 252 4096 ¹)
270 4030 338 4087 Sex.
365 4032 464 4086 Tittius
483 4031 550 4087 Sex.
569 4031 613 4086 lib.
638 4031 771 4101 Primus!
791 4029 832 4086 Vl
854 4031 895 4085 uir
910 4032 914 4101 l
931 4031 1072 4086 Lucaniae
1091 4030 1254 4101 Banioubai

144 4116 333 4183 concubinaei
353 4118 440 4173 Titiae
465 4115 580 4172 Cbrcste
599 4116 616 4170 l.
632 4117 636 4186 1
655 4116 739 4172 Cbloc
763 4116 896 4172 deiciam.
931 4117 974 4172 De
991 4116 1106 4171 notione
1125 4116 1204 4170 vocis
1223 4115 1268 4172 dc·

145 4201 238 4258 licium
256 4201 292 4256 ci.
310 4202 487 4272 Ma1·quardt.‚
505 4205 545 4256 rb.
563 4201 771 4258 Privataltertii.
789 4201 811 4270 I,
831 4204 887 4255 157.
904 4201 968 4254 adn.
987 4205 1027 4256 33.

100 4315 111 4339 ο
229 4290 252 4354 ²)
270 4285 306 4341 af.
325 4288 484 4341 Mommsen.
503 4286 600 4341 Statsr.
618 4288 640 4355 Ι,
658 4291 716 4344 421.
871 4290 893 4354 ³)
910 4287 968 4341 vid.
988 4302 1073 4355 supra
1090 4302 1116 4354 p.
1137 4290 1160 4338 4.
1179 4288 1211 4337 37
1231 4301 1252 4340 s.

229 4377 252 4440 Α)
269 4371 307 4427 ef.
325 4373 486 4427 Mommsen.
505 4373 523 4425 l.
535 4373 552 4426 l.
571 4373 634 4427 adu.
658 4377 677 4426 l.
799 4376 822 4440 5)
839 4372 875 4427 cf.
892 4372 913 4427 1.
927 4372 960 4427 N.
978 4376 1036 4427 464.
1049 4377 1078 4427 et
1089 4385 1175 4439 supra
1187 4388 1214 4440 p.
1228 4375 1268 4426 ta.

228 4461 253 4526 6)
271 4457 363 4512 wilm.
382 4461 447 4512 sors
466 4462 511 4524 (ε
530 4457 574 4512 0r.
594 4461 682 4527 tots).
