3142 5138
329 409 369 468 20

325 581 367 640 nt
395 580 456 640 tale
487 581 558 656 quid
588 580 682 640 ullum
713 577 805 639 fuisse
835 580 912 639 ultro
935 578 1135 639 indicaturum
1158 582 1188 639 et
1213 597 1268 656 per
1289 597 1321 638 se
1343 597 1450 656 parum

326 701 391 743 esse
414 677 574 761 ¹probabile
605 689 635 742 et
664 682 701 741 ab
731 683 932 741 Romanorum
962 700 1020 741 usu
1042 681 1130 758 plane
1153 683 1292 741 alienum.
1343 682 1450 759 Longe

327 786 477 846 diversum
507 804 591 863 esse,
621 786 645 844 si
676 786 769 844 maior
797 783 927 861 dignitas
959 784 1070 844 nomini
1100 783 1277 845 adiceretur.
1301 815 1341 823 -
1363 786 1451 844 Hane

325 888 511 964 Marquardti
533 888 763 964 dubitationem,
785 904 875 964 quam
898 888 953 946 sibi
977 907 1035 947 non
1059 905 1125 946 esse
1148 887 1294 946 sublatam
1315 881 1404 965 etiam
1419 888 1450 946 in

326 990 456 1052 eiusdem
477 992 618 1050 materiae
640 991 853 1049 retractatione
875 989 1017 1048 indicavit
1027 986 1059 1067 ¹),
1081 988 1310 1067 sagacissimam,
1332 994 1365 1049 ut
1381 989 1451 1068 dixi,

325 1096 355 1152 et
377 1093 575 1170 iustissbnam,
595 1095 630 1151 nt
651 1092 770 1152 silentio
793 1088 1066 1169 praetermittamus
1081 1092 1130 1152 vel
1144 1093 1174 1151 in
1191 1092 1285 1151 medio
1301 1093 1449 1169 relinqua-

326 1212 392 1255 mus
414 1195 478 1255 fieri
500 1213 560 1254 non
583 1199 691 1272 potest.
736 1196 853 1271 Moneo,
874 1194 905 1254 id
927 1193 1009 1271 quod
1033 1212 1119 1254 nemo
1142 1195 1254 1271 neseit,
1283 1196 1336 1271 qui
1364 1197 1451 1254 erant

325 1316 363 1357 ex
385 1298 520 1374 quinque
542 1297 681 1375 deeuriis,
703 1301 814 1375 quotae
837 1297 982 1374 adscripti
1004 1299 1113 1373 esseut,
1134 1315 1288 1374 nunquam
1311 1298 1341 1356 in
1356 1297 1451 1357 titulis

326 1418 468 1478 expresse
497 1401 722 1478 pronuntiasse,
750 1401 806 1460 nisi
836 1401 866 1459 in
897 1417 986 1460 unam
1016 1399 1053 1459 de
1076 1399 1226 1476 prioribus
1249 1403 1351 1459 essent
1372 1400 1452 1476 leoti,

325 1505 429 1579 utpote
452 1520 530 1579 quae
553 1506 653 1562 essent
675 1488 892 1562 honoratiores.

100 1609 103 1615 “
132 1595 223 1674 Novae
240 1594 314 1642 dubi·
413 1606 575 1664 Praeterea
617 1607 721 1665 eontra
765 1605 933 1682 Zumptium
974 1609 1037 1681 ego'
1072 1603 1294 1682 animadverto,
1342 1622 1450 1664 nomen

164 1670 283 1712 tatrones.
327 1707 420 1767 ueniri
449 1711 478 1766 et
508 1707 684 1782 repostoria
710 1707 895 1785 deprehendi
927 1707 1014 1766 etiam
1046 1707 1075 1766 in
1109 1707 1232 1767 urbibus
1254 1708 1304 1766 ubi
1327 1708 1450 1785 ingenui

325 1810 486 1869 seviratum
516 1810 670 1887 suseipere
701 1804 821 1869 omuino
848 1828 913 1893 non
937 1812 1007 1869 sunt
1030 1808 1152 1886 dignati.
1176 1811 1272 1869 ·Nam
1294 1809 1451 1888 Aquileiae

326 1913 406 1989 quod
429 1913 508 1972 inter
529 1913 693 1990 sexaginta,
715 1913 764 1971 vel
786 1912 905 1972 Salonis
928 1911 1008 1987 quod
1030 1913 1110 1972 inter
1131 1912 1237 1989 viginti
1258 1911 1322 1972 fere
1337 1913 1452 1973 seviros

199 2058 204 2065 -
326 2033 379 2075 sen
401 2015 593 2093 Augustales,
617 2015 653 2074 de
664 2015 777 2091 'quibus
793 2015 823 2072 in
839 2013 933 2073 titulis
949 2014 1107 2073 memoriae
1118 2014 1265 2091 proditur,
1287 2017 1450 2091 ingenuum

327 2119 493 2193 invenimus
513 2118 636 2194 nullum,
659 2116 742 2200 easui
757 2135 795 2176 ne
810 2115 950 2197 tribuant
964 2115 1128 2192 prudentes
1151 2117 1308 2176 cavebunt.
1351 2117 1450 2176 liliam

324 2220 479 2279 Industria
508 2223 539 2278 et
570 2220 683 2278 ldmona
711 2220 741 2277 in
771 2219 828 2278 hoe
859 2236 983 2278 numero
1014 2217 1155 2278 uidentur
1186 2218 1340 2280 habendae
1374 2237 1451 2280 esse.

325 2324 439 2399 Neque
460 2321 558 2381 miuus
589 2320 681 2381 fuerit
711 2325 875 2381 memoratu
905 2321 1044 2398 dignum,
1075 2321 1156 2398 quod
1179 2322 1256 2381 inter
1282 2322 1398 2381 saviros
1421 2328 1451 2381 et
1511 2356 1513 2363 ι

325 2425 508 2499 deportatae
544 2429 614 2484 sunt
647 2425 735 2484 etiam
762 2423 819 2483 duo
849 2425 906 2483 viri
934 2405 1111 2502 nobiliores,
1138 2425 1266 2500 ingenui
1292 2443 1328 2483 ao
1358 2425 1450 2484 tribui

325 2527 455 2587 rusticae
467 2529 595 2602 uterque
610 2526 762 2604 adscripti,
779 2544 908 2603 quorum
923 2545 1002 2586 unus
1016 2527 1183 2603 flaminalis,
1204 2527 1283 2587 alter
1298 2527 1451 2605 municipii

324 2632 471 2706 patronus
499 2633 656 2705 praeterea
688 2628 865 2706 adpellatur.
896 2626 937 2701 (n.
967 2631 985 2687 2
1015 2633 1044 2688 et
1075 2624 1136 2700 37.)
1188 2628 1331 2709 Videmus
1357 2629 1451 2705 igitur

325 2732 413 2791 etiam
436 2731 570 2790 homines
592 2750 652 2791 non
675 2725 826 2790 inferioris
841 2735 930 2791 notae
951 2735 980 2789 et
997 2732 1105 2807 quibu's
1120 2730 1159 2790 ad
1174 2748 1304 2791 summos
1320 2732 1450 2792 bonores

324 2834 423 2893 aditus
445 2836 571 2911 pateret,
591 2835 680 2894 istum
703 2833 823 2893 titulum
845 2853 906 2893 non
928 2849 994 2893 esse
1021 2836 1214 2911 aspernatos,
1236 2835 1323 2892 immo
1348 2835 1449 2911 Augu-

325 2938 443 2997 stalium
459 2935 556 2996 ordini
571 2937 703 2997 studiose
725 2941 755 2996 et
777 2955 919 3014 expresse
941 2955 973 2996 se
995 2936 1215 2996 adnumerasse.

855 3183 871 3253 ᾗ
890 3188 914 3236 8.

590 3302 751 3373 Aepustulis
769 3319 791 3356 o.
810 3303 836 3356 d.
855 3303 892 3367 d,
911 3303 993 3357 tertia
1012 3301 1176 3373 difficultas.

409 3431 706 3491 Tertia'diffieultas
739 3451 798 3491 nou
830 3431 952 3490 levioris
983 3432 1138 3506 momenti,
1172 3448 1261 3506 quam
1283 3446 1352 3489 ‘una
1382 3447 1448 3488 eum

325 3525 455 3594 duabus
471 3535 616 3594 haetenus
646 3535 789 3611 expositis
822 3533 960 3594 duximus
984 3533 1202 3610 expediendam
1228 3549 1312 3608 esse,
1341 3549 1379 3590 ex
1401 3530 1449 3589 his

142 3670 304 3718 Documenta
326 3640 390 3697 fere
412 3637 506 3696 titulis
529 3638 636 3697 oritur:

129 3745 316 3801 proponuntur.
372 3737 462 3799 1-4.
483 3764 525 3784 =
547 3759 576 3816 p.
600 3743 639 3799 16
661 3756 700 3798 ss.
722 3759 751 3797 n.
775 3741 823 3798 15.
847 3742 896 3798 20.
920 3741 968 3798 23.
992 3741 1041 3798 34.

367 3845 394 3902 5.
416 3886 443 3902 ..
458 3844 496 3902 Μ.
512 3841 622 3902 Statius
637 3831 760 3922 Nig[er]
776 3841 818 3900 Vl
833 3842 880 3899 vir
894 3841 971 3916 Aug.
983 3859 1007 3899 e.
1019 3841 1047 3899 d.
1057 3839 1085 3898 d.
1100 3840 1136 3917 V,
1152 3841 1243 3900 5465.

369 3942 397 4005 6.
419 3987 450 4004 ..
473 3943 508 4018 Q.
530 3944 683 4004 Audasius
705 3943 857 4002 demanon
880 3945 922 4003 Vl
944 3944 991 4002 vir
1012 3943 1091 4019 Aug.
1351 4010 1382 4050 m

413 4034 416 4043 ¹
477 4042 532 4118 αἳ)
556 4048 584 4108 d.
607 4048 635 4107 d.
657 4045 778 4107 Mediol.
803 4050 833 4106 et
854 4047 933 4106 Foro
954 4044 1243 4122 Popilii.V,5749.
1383 4034 1391 4050 '

1308 3889 1447 3948 Mediola-

414 4280 435 4345 ¹)
452 4276 616 4331 Statsverw.
634 4276 656 4343 I,
675 4279 732 4328 519.
751 4292 776 4329 n.
795 4281 819 4329 9.

411 4365 434 4429 ²)
452 4361 506 4416 sic·
512 4362 621 4431 priores
640 4366 769 4435 auctores
786 4360 914 4415 meliores
920 4379 928 4430 3
945 4361 1115 4415 Mommseno
1133 4361 1158 4415 G
1177 4361 1282 4424 ,visum
1300 4364 1367 4415 est⁴⁶
