3180 5370
197 2436 260 2485 Alia

152 2514 308 2568 argumenta.

336 519 376 579 64

336 692 381 750 usi
404 696 512 767 essent,
534 710 593 751 non
618 692 665 751 bis
686 688 858 766 bonoribus,
880 689 931 749 sed
955 690 1011 748 boc
1034 690 1148 769 bonore
1174 689 1331 749 dicendum
1354 689 1459 750 fuisse·
1572 740 1575 745 .

319 787 455 853 'Scilicet
487 794 530 851 ita
552 795 602 853 ille
623 792 747 870 quidem
780 793 858 852 tituli
890 791 985 859 uerba
1014 794 1248 871 interpretatur,
1279 793 1365 869 quasi
1394 798 1455 852 tam

334 896 485 955 Flauialos
522 914 610 971 quam
643 896 826 971 Augustales
859 895 944 954 etiam
978 899 1047 954 ante
1080 896 1114 956 L.
1138 895 1256 955 Canarii
1293 895 1455 956 souiratum

334 997 518 1077 aliquamdiu
549 998 726 1074 exstiterint,
750 986 814 1055 ¹sed
847 997 873 1055 ei
903 997 1000 1074 primo
1028 1001 1155 1073 uterque
1184 998 1280 1056 bonor
1308 999 1456 1073 obtigerit.
1535 978 1539 986 ⁵

335 1100 375 1160 At
408 1103 562 1160 enimuero
593 1102 641 1159 oui
669 1100 699 1159 id
729 1101 897 1175 exprimere
928 1101 957 1159 in
989 1101 1087 1158 animo
1117 1099 1238 1176 fuisset,
1278 1104 1359 1160 oerte
1394 1118 1455 1159 non

335 1204 480 1262 omisisset
517 1203 628 1263 diserte
644 1188 786 1261 addere:
825 1201 890 1270 „iris
920 1202 1034 1260 duobus
1064 1202 1228 1261 honoribus
1264 1202 1372 1277 rr'rruul‘⁶
1407 1202 1456 1261 uel

334 1305 394 1364 tale
417 1305 497 1380 quid.
521 1306 676 1364 ·llihimet
707 1304 812 1381 titulo,
844 1307 878 1362 ut
911 1306 957 1363 est
989 1305 1186 1382 compositus,
1216 1305 1303 1380 plane
1336 1304 1463 1391 diverso

334 1405 456 1466 uidetur
494 1408 615 1466 subesse
653 1407 810 1466 sententia.
868 1406 987 1466 Scilicet
1020 1407 1192 1466 Flauiorum
1231 1406 1342 1469 uultum
1384 1410 1456 1466 tuno

335 1510 461 1569 maxime
484 1508 584 1569 iudico
607 1508 742 1568 Tuderte
765 1509 892 1585 primum
916 1512 1070 1585 receptum
1093 1509 1143 1568 uel
1166 1514 1247 1568 oerte
1277 1509 1383 1567 seuiris
1405 1508 1456 1567 de·
1522 1564 1523 1569 ,

335 1611 507 1671 mandatum
532 1628 606 1670 esse.
650 1609 724 1669 lnde
747 1609 839 1686 igitur
861 1610 897 1669 ab
921 1622 957 1669 eo
980 1615 1113 1686 tempore
1145 1611 1252 1670 diebus
1281 1610 1367 1670 festia
1395 1629 1456 1670 non

334 1716 430 1774 solum
453 1714 552 1790 gentis
574 1712 667 1772 Iuliae
690 1713 778 1771 sicuti
800 1713 917 1788 priores
939 1712 993 1772 sed
1017 1713 1105 1772 etiam
1121 1714 1291 1772 Flauiorum
1315 1716 1349 1772 ut
1369 1731 1457 1773 sacra
1535 1781 1554 1805 x

334 1817 451 1876 obirent
473 1816 563 1875 seuiri
595 1815 625 1873 in
655 1815 828 1874 uniuersum
851 1814 1005 1875 decretum
1034 1819 1086 1874 est.
1130 1815 1231 1893 Atque
1253 1815 1287 1874 L.
1310 1816 1455 1876 (lanarius

334 1918 411 1978 forte
432 1920 547 1996 primus
569 1917 643 1994 fuit,
672 1918 703 1976 ln
726 1935 815 1993 quem
838 1934 946 1976 reuera
967 1916 1025 1976 hoo
1053 1918 1206 1977 desuetum
1228 1917 1332 1977 ualuit
1377 1917 1456 1991 Quia

334 2026 439 2081 autem
455 2021 628 2081 Flauiorum
652 2020 752 2079 cultus
783 2020 867 2095 quasi
886 2037 1008 2078 nouum
1033 2017 1150 2078 ‘munus
1180 2020 1275 2096 priori
1303 2020 1456 2080 sexuirum

334 2125 449 2183 muneri
470 2127 544 2182 tuno
566 2122 725 2192 uidebatur
747 2120 928 2196 adiunctum,
951 2121 1079 2180 tonores
1100 2103 1224 2181 numero
1240 2121 1350 2198 plurali
1365 2141 1456 2198 quam

334 2227 479 2302 singulari
500 2227 642 2284 bonorem
664 2225 826 2284 seviratum
842 2241 927 2282 suum
944 2223 1112 2300 significare
1128 2225 1185 2284 iate
1201 2223 1322 2301 quidem
1345 2226 1456 2284 maluit.

333 2329 390 2389 Oui
412 2328 652 2405 interpretationi
675 2327 748 2403 quid
772 2325 878 2403 obstet,
901 2344 960 2385 non
977 2326 1075 2403 uideo,
1098 2331 1204 2385 contra
1226 2330 1260 2385 ut
1283 2314 1455 2404 comprobe-

335 2449 400 2490 mus
423 2449 496 2509 eam,
519 2449 578 2489 non
594 2430 826 2506 Hennenianam,
851 2429 949 2488 omnia
973 2412 1111 2488 suadent.
1155 2430 1220 2488 Neo
1237 2428 1347 2488 desunt
1368 2448 1455 2506 prae·
1504 2471 1514 2478 -

333 2537 417 2593 terea
452 2532 571 2608 singula
600 2531 747 2608 quaedam
785 2535 963 2608 argumenta
1000 2532 1165 2591 certissima
1202 2529 1241 2590 ad
1277 2533 1455 2591 sententiam

210 2685 214 2693 .
333 2653 427 2695 meam
450 2633 690 2694 confirmandam.
734 2633 781 2693 Sio
809 2635 843 2692 L.
866 2633 997 2693 Stlaniua
1020 2635 1059 2701 (n.
1085 2632 1150 2711 14),
1173 2633 1224 2710 qui
1247 2634 1276 2692 in
1300 2652 1361 2693 una
1382 2634 1456 2711 lapi-

333 2738 377 2797 dis
400 2741 484 2813 parte
514 2736 622 2796 dieitur
646 2735 727 2794 litii]
756 2736 803 2794 vir
825 2738 904 2809 Any.
930 2740 959 2795 et
981 2737 1187 2808 Neronr'enus,
1217 2735 1248 2795 in
1271 2736 1367 2796 altera
1388 2737 1455 2795 sim-

332 2840 451 2918 plieiter
472 2840 575 2898 rexotr
596 2842 729 2897 uocatur.
773 2839 860 2897 Unde
883 2844 1020 2916 apertum
1045 2843 1091 2899 est
1120 2840 1175 2897 hos
1199 2838 1275 2897 duos
1296 2839 1399 2898 titulos
1421 2858 1455 2899 re

331 2943 410 3001 inter
432 2961 463 3001 se
487 2961 546 3002 nou
570 2941 699 3001 differre.
744 2940 828 3013 Quae
850 2923 919 2999 oum
940 2942 982 3000 ita
1004 2943 1071 3017 sint,
1097 2942 1184 3000 etiam
1207 2940 1237 2999 in
1259 2940 1347 2999 titulo
1364 2942 1455 3000 Vero-

333 3045 417 3103 nensi
448 3064 477 3103 n.
500 3047 528 3103 4.
560 3044 661 3103 uerbis
691 3043 735 3102 VI
760 3044 807 3101 vir
824 3088 830 3101 .
848 3087 855 3100 .
875 3043 937 3102 Oto.
968 3049 996 3102 et
1019 3044 1095 3118 Aug.
1135 3060 1227 3102 unum
1265 3042 1455 3119 eundemque

332 3147 474 3206 honorem
497 3147 623 3206 iudicari
644 3145 797 3222 probabile
820 3150 873 3205 ost.
917 3145 965 3205 Ad
987 3147 1044 3206 boo
1067 3145 1117 3222 qui
1133 3146 1230 3204 uoluit
1251 3146 1312 3205 duo
1329 3163 1455 3205 munera

333 3249 513 3326 significare,
550 3250 577 3308 ei
598 3250 641 3308 'sie
662 3247 726 3307 fere
750 3249 906 3308 dicendum
930 3249 1001 3309 luit:
1033 3248 1076 3306 VI
1087 3249 1134 3306 vir
1153 3247 1328 3319 Oloudtob‘r,
1353 3247 1397 3305 VI
1408 3248 1477 3306 mr

333 3351 519 3425 Augustalis
542 3351 635 3412 veluti
651 3351 835 3410 invenimus:
857 3351 971 3424 rodolio
987 3350 1172 3427 Augustalis,
1193 3343 1309 3408 'sodalis
1324 3349 1456 3409 Hadria·

332 3456 419 3513 nolus.
465 3454 578 3514 Contra
598 3454 651 3512 tali
673 3453 810 3531 formula,
833 3455 953 3530 qualem
977 3454 1120 3512 babemus
1143 3453 1174 3511 in
1196 3472 1224 3511 n.
1240 3456 1268 3530 4,
1292 3453 1352 3512 duo
1376 3453 1454 3512 seui·

332 3561 416 3617 ratus
447 3557 556 3616 diuersi
587 3557 683 3616 notari
713 3556 765 3614 uix
796 3560 969 3632 potueruut
1019 3556 1126 3631 Itaque
1159 3556 1297 3614 Veronae
1334 3572 1455 3631 quoque

332 3659 493 3718 seviratum
517 3662 547 3718 et
568 3661 599 3718 in
614 3659 742 3734 Augusti
765 3663 795 3717 et
815 3659 847 3716 in
863 3656 979 3735 Claudii
1001 3657 1144 3716 honorem
1169 3657 1339 3717 institutum
1362 3675 1454 3717 unum
1563 3653 1565 3659 '

320 3761 425 3821 -fuisse
448 3762 584 3822 arbitror.
628 3763 704 3821 Tum
728 3762 757 3819 in
781 3781 809 3819 n.
826 3763 866 3818 24
897 3758 979 3834 quod
1002 3760 1033 3819 Ο.
1060 3759 1161 3818 Vibius
1182 3760 1317 3836 Ingenus
1348 3777 1381 3818 ae
1403 3778 1455 3835 ap·

332 3864 423 3939 pellat
440 3866 592 3923 ueratrum
614 3864 808 3937 Aupustolem
830 3863 993 3920 Flaotnlem
1016 3862 1363 3934 Filiolam-Numidiam,
1387 3880 1454 3921 oum

332 3964 392 4026 filio
416 3971 445 4025 et
466 3967 574 4027 liberto
598 3985 658 4026 non
680 3966 795 4024 tribnat
817 3966 874 4024 nisi
889 3964 1016 4045 simplex
1042 3983 1149 4025 nomen
1173 3965 1272 4042 seuiri,
1293 3969 1455 4042 propterea

332 4072 494 4144 utrumque
516 4070 660 4129 bonorem
682 4067 834 4128 diuersum
865 4085 925 4126 non
955 4084 1021 4128 esse
1051 4066 1222 4127 habendum
1253 4067 1454 4126 Mommsenus

333 4171 443 4229 dudum
468 4171 571 4231 doouit
582 4170 612 4244 1).
655 4172 766 4242 „Immo
789 4170 841 4248 qui
863 4170 982 4229 titulum
1011 4170 1128 4247 posuit,
1162 4170 1187 4228 ei
1219 4169 1335 4246 plaeuit
1362 4168 1400 4228 de
1423 4185 1454 4228 so

333 4273 576 4334 honorificentius
609 4275 690 4350 loqui
727 4292 817 4350 quam
854 4274 891 4333 de
929 4273 1022 4333 suis.“
1068 4273 1206 4333 Ceterum
1238 4289 1275 4330 ex
1304 4272 1361 4331 boo
1387 4271 1453 4348 ipso

333 4406 534 4416 -..-·...-—..-...

420 4491 440 4555 ¹)
458 4488 574 4542 Hermes
592 4488 613 4556 I,
632 4504 659 4557 p.
673 4490 705 4539 59
724 4487 787 4541 adn.
806 4486 841 4542 ot.
859 4501 930 4555 quae
947 4486 976 4541 in
995 4486 1020 4540 V
1037 4485 1073 4540 ad
1090 4485 1182 4555 ipsum
1200 4485 1242 4539 tit
1260 4484 1414 4539 adnotavit
