3142 5138
1203 443 1261 505 129

138 622 209 680 lieet
232 639 292 680 non
316 620 481 680 sufficiente
503 638 627 680 numero
652 639 771 696 eorum,
799 618 920 695 quibis
943 618 1116 679 muneribus
1138 634 1261 692 respon·

139 723 253 782 derent.
276 701 375 782 ’Tum
406 723 509 782 seviris
540 724 628 781 etiam
655 723 864 799 magistrorum
895 731 1018 780 munera
1040 721 1173 780 iniuncta
1195 737 1260 779 esse

138 823 326 885 oonieeerim.
371 825 428 886 Ubi
452 829 548 885 autem
571 826 715 899 magistri
745 828 774 883 et
795 824 887 882 sariri
910 825 1090 896 Augustales
1120 842 1180 882 una
1209 841 1259 882 no·

138 930 297 1001 minantur,
318 935 384 988 arta
406 929 548 987 videntur·
570 927 793 988 necessitudine
817 927 976 1002 ooniunoti,
997 927 1027 985 id
1043 925 1124 1002 quod
1149 920 1258 985 novum

1301 809 1383 912 Seviri
1401 842 1427 882 et

1307 903 1422 965 magistri

1296 971 1366 1033 Aug.
1377 979 1431 1020 arte

137 1035 184 1090 est
206 1031 338 1090 eiusdem
362 1031 484 1107 originis
506 1032 715 1089 testimonium.
759 1031 806 1089 Ita
826 1031 857 1088 iu
880 1030 967 1089 titulo
991 1028 1112 1106 saepius
1134 1047 1259 1088 eommo—
1290 1039 1429 1089 coniuncti.

138 1140 252 1194 morato
276 1134 388 1195 0r.·H.
412 1136 494 1194 7115
528 1132 582 1206 (π
607 1134 703 1192 Wilm.
726 1129 823 1205 2099)
856 1132 962 1192 VIvirt‘
984 1133 1057 1206 Aup.
1088 1136 1117 1194 et
1139 1133 1257 1204 compa.

136 1237 250 1296 Larum
274 1239 346 1311 Aug.
379 1241 408 1295 et
436 1253 514 1310 neap.
536 1238 669 1296 vicorum
703 1236 884 1296 eoniuuetim
919 1251 1061 1295 summam
1095 1235 1258 1312 aoeipiuut,

137 1357 174 1399 ex
198 1340 284 1399 euius
305 1340 404 1400 reditu
428 1341 589 1416 quotannis
612 1341 641 1398 in
665 1339 788 1416 publioo
805 1342 974 1400 veneantur.
1019 1337 1085 1410 Quo
1109 1339 1176 1398 loeo
1200 1354 1259 1396 mo·

137 1461 195 1501 neo
223 1444 383 1519 magistros
416 1444 504 1502 etiam
536 1442 664 1518 oollegia
693 1447 846 1518 tamquam
877 1441 991 1500 saviros
1022 1439 1185 1517 formasse;
1222 1440 1259 1501 of.

137 1546 235 1604 Wilm.
259 1545 414 1604 9119661
438 1547 697 1620 etiam-patronus
724 1543 841 1620 collegii
863 1544 1134 1623 vioimagistrorum
1158 1544 1259 1621 appel·

136 1647 223 1706 lalur.
267 1648 383 1707 Deinde
407 1649 465 1707 huo
488 1647 600 1708 eadunt
621 1647 791 1724 fragmenta
811 1647 864 1707 illa
886 1646 1031 1707 fastorum
1040 1644 1078 1724 ¹),
1100 1664 1178 1723 quae
1200 1664 1259 1704 ma·

136 1750 295 1826 gisilerum
312 1751 522 1825 Augustalium
545 1768 611 1810 esse
625 1751 788 1810 Hennenus
809 1750 885 1808 bene
908 1746 1070 1819 oonieoit²l
1115 1749 1159 1809 lbi
1180 1749 1257 1809 enim

137 1853 227 1911 seviri
251 1852 392 1912 dieuntur
414 1853 565 1928 quendam
587 1853 752 1930 rogavisse,
774 1857 807 1912 ut
830 1871 865 1911 eo
880 1853 995 1912 honore
1010 1852 1072 1913 soil.
1087 1852 1258 1929 magisterio

138 1955 299 2031 Augustali
322 1955 508 2032 fungeretur.
553 1954 641 2028 Quod
676 1959 846 2015 oertessnon
879 1954 1037 2032 fecissent,
1068 1954 1124 2015 nisi
1154 1972 1257 2014 eorum

138 2059 299 2133 praecipue
330 2058 527 2137 interfuisset,
563 2060 614 2135 qui
643 2059 778 2134 magistri
805 2057 921 2118 fierent
970 2058 1067 2118 Porro
1095 2056 1258 2118 adnotatur

134 2160 291 2235 magistros
314 2161 495 2237 Augustales
517 2166 659 2237 quattuor
672 2149 697 2233 ³)
721 2161 814 2220 natali
836 2161 930 2220 Iuliae
953 2161 1109 2236 Augustae
1132 2159 1162 2218 in
1185 2159 1257 2237 pub·

135 2263 190 2320 lieo
215 2282 318 2323 aenam
342 2263 552 2324 deourionibus
576 2269 605 2324 et
627 2264 839 2340 Augustalibus
863 2263 1000 2341 dedisse,
1022 2267 1112 2340 atque
1137 2262 1257 2322 additur

135 2383 238 2424 eorum
262 2368 375 2425 saviros
397 2397 439 2406 -
462 2368 547 2443 quasi
580 2368 617 2426 ad
640 2366 829 2427 referendam
851 2368 914 2426 istis
936 2366 1062 2442 menam
1085 2396 1128 2405 —
1150 2383 1257 2424 munus

136 2467 248 2527 familia
270 2469 448 2544 gladiatoria
471 2470 606 2530 edidisse.
650 2471 725 2529 Tum
748 2464 785 2529 iuv
803 2471 846 2546 ll,
869 2472 951 2530 3563
981 2471 1061 2528 sevir
1082 2467 1256 2545 Augustalis

135 2572 285 2649 magistro,
308 2574 359 2646 qui
383 2573 541 2632 Huebnero
565 2575 688 2632 auotore
711 2576 756 2631 est
779 2572 974 2649 Augustalis,
1001 2568 1144 2647 templum
1166 2569 1257 2628 tradit

135 2672 173 2731 de
196 2691 251 2731 sua
269 2675 396 2748 peounia
412 2679 606 2734 exstructum.
651 2675 765 2747 Quarto
782 2675 848 2734 loeo
865 2692 970 2733 moneo
987 2678 1148 2749 utrumque
1163 2673 1255 2732 hono·

135 2793 214 2853 rem,
236 2776 302 2836 dieo
326 2778 528 2853 magisterium
560 2782 591 2836 et
612 2777 791 2853 seviratum,
823 2794 913 2853 saepe
945 2776 1056 2835 eisdem
1088 2775 1256 2835 hominibus

135 2877 335 2953 contigisse.4)
379 2881 462 2939 Haeo
486 2880 556 2939 satis
578 2884 648 2939 sunt
671 2880 708 2938 ad
732 2879 919 2954 probandum
942 2879 1108 2952 magistros
1131 2883 1160 2937 et
1181 2878 1254 2936 sevi-

134 2982 213 3038 oiros
236 2981 420 3055 Augustales
450 3002 509 3041 non
539 2982 626 3042 modo
658 2982 830 3041 muneribus
869 2981 1013 3040 similibus
1050 2979 1168 3040 functos
1202 2980 1255 3040 sed

134 3083 252 3142 omnino
277 3089 340 3143 arte
363 3086 440 3144 inter
462 3103 493 3144 se
517 3085 693 3144 eoniunotos
724 3091 754 3144 et
775 3085 861 3161 quasi
883 3088 1028 3160 cognatos
1052 3083 1153 3143 fuisse.
1198 3084 1256 3142 De·

133 3185 224 3261 nique
257 3204 317 3245 uno
347 3187 440 3246 verbo
465 3206 679 3263 commemoro,
712 3188 866 3264 Eggerum
888 3187 1036 3263 sagaoiter
1059 3183 1255 3256 coniecissell

221 3397 443 3463 emmone
631 3369 836 3468 unmu''

218 3485 241 3547 ³)
261 3483 338 3539 ΙΙΙΙ
351 3485 443 3555 primi,
462 3486 510 3553 qui
528 3486 572 3540 hio
590 3485 774 3554 nominantur,
792 3484 883 3539 adhue
901 3483 1028 3538 similiter
1037 3484 1173 3538 intellecti
1191 3488 1256 3536 sunt

132 3574 215 3636 atque
238 3569 305 3622 alias
329 3586 384 3624 sex
403 3571 505 3640 primi,
530 3569 624 3624 (lacem
644 3570 737 3640 primi.
777 3569 819 3622 At
836 3584 947 3638 vereor,
970 3585 1006 3623 ne
1023 3569 1052 3622 in
1071 3568 1146 3622 hune
1163 3570 1254 3622 looum
1302 3584 1305 3590 ·

132 3654 215 3707 lruius
239 3654 313 3707 modi
336 3654 530 3722 interpretatio
554 3671 610 3709 non
634 3656 759 3723 quadret.
799 3656 885 3709 Immo
909 3672 971 3709 oum
991 3657 1112 3724 quinque
1131 3655 1254 3708 homines

132 3745 215 3792 antea
233 3747 435 3808 enumerentur,
453 3741 482 3793 in
495 3741 569 3794 ludis
582 3741 693 3808 quidem
706 3741 823 3794 edendis
840 3740 884 3794 his
897 3740 1038 3794 universis
1051 3746 1145 3808 partes
1158 3739 1254 3805 fuisse,

132 3831 228 3877 eontra
252 3840 347 3878 cenam
366 3832 473 3878 tantum
493 3834 624 3894 quattuor
642 3827 744 3896 primos
767 3826 879 3880 dedisse
897 3827 1038 3894 suspicor,
1065 3831 1097 3879 ut
1117 3826 1146 3879 T.
1168 3825 1253 3879 TRE-

132 3906 266 3964 BVLA'N
272 3909 315 3964 VS
331 3909 462 3963 FELIX
476 3910 610 3966 PRAEC.
629 3911 711 3965 huius
729 3912 851 3965 muneris
869 3926 969 3980 expers
988 3917 1070 3965 esset.
1107 3911 1193 3965 Cuius
1213 3910 1254 3965 rei
1333 3984 1337 3989 μ

132 4012 203 4064 quae
233 3994 319 4048 fuerit
346 4011 456 4064 eaussn,
485 3997 661 4051 coniecturae
688 4012 731 4052 me
756 4014 811 4051 non
838 3996 986 4063 deficiunt,
1018 4012 1088 4066 quas
1115 3996 1253 4066 explicare

130 4083 243 4149 longum
261 4087 312 4134 est.
872 4115 875 4119 -

216 4169 239 4233 ⁴)
265 4166 298 4219 ln
322 4167 462 4233 praesenti
485 4167 551 4220 milri
575 4166 643 4222 haee
667 4169 793 4236 exempla
817 4167 846 4220 in
870 4175 1000 4236 promptu
1024 4173 1101 4220 sunt:
1124 4167 1160 4234 Il,
1178 4171 1255 4219 4366.

131 4256 206 4305 1367.
225 4256 300 4306 4290.
319 4258 394 4306 4363.
413 4255 487 4306 4297.
503 4256 576 4306 4293.
589 4256 664 4306 4364.
678 4256 753 4307 4289.
773 4252 807 4319 V,
821 4257 964 4307 3366775.
980 4257 1053 4306 7664.
1073 4252 1253 4306 wilmarius.

130 4338 202 4391 Don.
222 4341 278 4391 261.
298 4337 387 4391 0r.·H.
408 4341 499 4392 71116.
518 4341 592 4392 6093.
611 4343 686 4393 6662.
713 4338 733 4391 Ι.
752 4338 784 4391 N.
805 4343 877 4391 1971.
897 4342 954 4391 369.
973 4368 1006 4376 -

217 4423 398 4491 papus

1049 4529 1064 4577 9
