3142 5138
1219 381 1268 440 75*

136 552 241 612 aeriris
257 558 312 613 aut
331 553 457 629 siugulis
474 557 526 612 ant
548 553 684 631 pluribus
704 554 870 614 coniunctis
894 554 941 613 rel
964 553 1059 630 primo
1081 553 1259 613 dedicantur

139 655 188 714 vel
211 655 387 715 reficiuntur
409 656 457 715 vel
479 661 671 716 exornantur.
1279 642 1285 658 ²

222 759 283 816 lam
307 758 344 816 de
367 758 412 817 his
435 759 574 819 omuibus
607 761 778 818 muneribus
801 759 942 835 quidnam
967 760 1075 836 cuique
1097 759 1135 817 sit
1156 758 1254 835 provi·
1278 784 1437 833 Decuriones

137 859 265 919 dcudum
291 860 469 920 decuriones
492 861 667 920 decernunt.
712 862 779 934 Qua
811 861 848 920 de
877 880 984 922 caussa
1013 863 1042 920 in
1073 862 1131 920 illis
1161 861 1255 920 titulis
1269 853 1408 930 decernunt
1419 853 1451 901 de

136 962 230 1022 verba
252 978 291 1021 ex
313 963 508 1022 decurionum
531 964 650 1022 decreto
674 964 721 1022 vel
742 963 849 1022 similia
870 983 1016 1041 persaepe
1032 968 1103 1022 sunt
1117 961 1254 1035 addita¹l
1279 936 1435 1036 55ζὶἳῇἶῇ

136 1063 193 1124 Sed
217 1083 439 1141 nonnumquam
471 1066 600 1125 sevirum
625 1085 749 1124 munera
778 1067 865 1126 etiam
899 1067 1012 1144 populo
1043 1070 1164 1142 petente
1193 1084 1255 1125 sus·
1334 1121 1338 1128 .

137 1172 225 1242 cepta
247 1185 312 1226 esse
336 1168 492 1227 dicuutur:

182 1275 207 1328 l.
230 1270 351 1330 Sacrum
368 1271 492 1330 Polluci
516 1271 582 1331 Sex.
600 1271 738 1343 Quintius
761 1271 828 1330 Sex.
844 1271 879 1346 Q.
891 1272 1061 1333 Successiui
1290 1265 1393 1375 peteqte

290 1373 337 1432 lih.
353 1374 535 1432 Fortunatus
558 1373 595 1432 ob
618 1374 759 1433 honorem
777 1375 817 1433 Vl
832 1374 886 1434 vir.
909 1393 946 1434 ex
969 1374 997 1434 d.
1013 1393 1057 1433 or·
1289 1343 1342 1391 pop
1372 1343 1396 1375 ⁰⁴

290 1474 367 1534 diuis
389 1475 487 1534 soluta
509 1475 638 1551 pecunia
669 1479 790 1552 petente
817 1477 929 1553 populo
952 1465 1062 1536 donum

216 1571 217 1574 ’
291 1578 327 1636 de
351 1595 406 1636 sua
428 1579 557 1654 pecunia
580 1577 649 1637 dato
673 1578 761 1654 epulo
780 1577 894 1637 civibus
910 1583 939 1637 et
953 1579 1061 1639 incolis

289 1684 318 1738 et
340 1679 506 1739 circiensib.
529 1680 616 1739 factis
640 1679 668 1740 d.
691 1679 708 1738 d
713 1722 1060 1741 ........
1104 1681 1141 1757 11,
1164 1683 1256 1741 2100.

180 1782 410 1841 manethera
432 1782 470 1841 ob
493 1782 634 1841 honorem
659 1784 733 1842 VIR
755 1783 918 1843 seeundum
946 1783 1061 1859 petitio·
1112 1783 1116 1791 ’

291 1903 358 1943 ncm
382 1903 418 1942 m.
442 1904 522 1944 m...
546 1885 612 1943 loca
641 1884 907 1961 spectaeullorum)
938 1904 1061 1945 numero

199 2004 203 2017 ’
289 1988 335 2047 CC
359 1988 470 2064 singuli
487 2007 523 2046 ex
540 1987 652 2064 duplici
675 1989 805 2063 pecunia
820 1989 940 2048 decreto
957 1989 1061 2065 optimi

290 2090 446 2148 ordinis..
470 2090 619 2149 dederuut
645 2133 1062 2150 .........
1106 2092 1142 2168 11,
1165 2095 1257 2152 3364.

180 2195 207 2251 3.
228 2193 362 2251 ..seviri
396 2196 545 2269 corporat.
568 2173 839 2253 Nemausenses..
863 2212 900 2253 ex
929 2195 1061 2270 postula-

288 2294 369 2353 tione
391 2295 518 2372 populli]
542 2339 549 2353 .
572 2292 613 2365 .²)
649 2338 1065 2355 .........
1088 2297 1256 2356 Herulld.

179 2400 206 2455 4.
232 2399 265 2455 1).
282 2398 366 2456 Velio
378 2398 541 2472 Trophimo
551 2397 649 2456 seviro
657 2398 834 2473 Augustali.
850 2443 857 2458 .
872 2398 994 2457 decreto
1010 2397 1060 2457 de·

101 2481 105 2489 ⁵
288 2486 444 2558 curionum
461 2500 633 2576 postulante
656 2501 770 2577 populo
794 2518 817 2559 s.
839 2521 868 2577 p.
892 2520 920 2577 p.
935 2520 964 2576 p.
1050 2545 1057 2559 .
1102 2499 1150 2561 Or.
1164 2503 1256 2560 3923.

220 2601 307 2661 Unde
330 2579 439 2678 colligo
469 2602 505 2660 de
538 2602 584 2660 his
613 2602 702 2661 rebus
724 2607 936 2679 praeterquam
968 2602 1049 2679 quod
1080 2602 1256 2662 decuriones

136 2705 337 2763 decernebant
359 2705 502 2782 populum
526 2723 647 2781 quoque
670 2707 770 2781 rogari
790 2705 910 2764 solitum
925 2705 1026 2765 fuisse.
1070 2706 1176 2780 Neque
1192 2710 1255 2764 tau·

135 2811 195 2866 tum
223 2808 252 2865 iu
281 2808 428 2885 sevirum,
458 2826 561 2866 verum
593 2809 681 2866 etiarn
711 2809 741 2866 iu
766 2809 991 2885 magistratuum
1022 2808 1193 2866 muneribus
1224 2807 1254 2867 id
1287 2815 1292 2829 '

135 2911 265 2969 valuisse
289 2912 361 2968 satis
385 2911 478 2968 multa
501 2910 681 2969 documenta
703 2914 860 2970 testantur.
905 2911 972 2985 Quo
995 2908 1107 2968 factum
1130 2913 1190 2987 est,
1213 2916 1256 2987 ut,

136 3031 210 3088 quos
233 3012 339 3088 opibus
363 3013 565 3071 circumfluere
590 3017 692 3071 notum
716 3019 809 3090 esset,
841 3012 919 3071 haud
943 3031 1012 3071 raro
1040 3029 1182 3088 expressa
1204 3032 1254 3088 po·

135 3116 197 3191 puli
220 3117 422 3191 postulatione
445 3115 483 3173 ad
506 3117 598 3174 multo
622 3104 773 3192 maiorem,
795 3134 883 3192 quam
901 3115 979 3174 ultro
996 3114 1122 3174 fuissent
1137 3113 1255 3190 facturi,

135 3221 284 3293 sumptum
309 3217 356 3276 vel
379 3217 643 3277 exstimulureutur
664 3217 715 3276 vel
738 3217 995 3294 compellerentur.
1042 3218 1146 3292 ltaque
1161 3217 1253 3275 Beue-

135 3320 215 3378 venti
239 3320 326 3378 homo
351 3319 473 3394 nobilis,
504 3336 568 3377 cum
592 3337 668 3395 opus
699 3317 865 3395 quadrigae
890 3338 955 3377 cum
987 3318 1085 3394 effigie
1108 3317 1254 3376 Hadriani

135 3421 332 3497 municipibus
365 3421 471 3498 donet,
508 3423 591 3479 citro
623 3423 715 3479 tallias
734 3423 973 3494 postulationem
996 3421 1025 3478 id
1049 3420 1112 3478 lieri
1135 3418 1254 3496 praedi-

136 3516 228 3601 cat³)‚'
251 3524 336 3600 quasi
359 3542 394 3583 eo
419 3524 456 3581 sit
472 3522 725 3582 honorificentius.
769 3524 814 3582 Ao
836 3542 908 3582 sane
932 3522 1091 3582 nonnullos
1107 3521 1153 3580 his
1169 3522 1252 3597 quiu-
1265 3538 1305 3584 De
1315 3552 1447 3584 munerum

135 3644 193 3702 quc
216 3645 370 3685 munerum
393 3625 552 3702 generibus
581 3625 701 3684 eosdem
725 3643 789 3685 esse
824 3627 964 3685 oneratos
995 3623 1164 3683 testimonia
1193 3643 1253 3683 uon
1288 3604 1420 3667 gravilate.

135 3728 250 3787 desunt.
294 3728 410 3787 Sufficit
432 3729 582 3804 legentem
605 3728 744 3803 relegare
766 3727 805 3785 ad
827 3729 871 3786 tit.
888 3728 924 3803 ll,
949 3729 1030 3786 3361
1055 3724 1143 3784 modo
1159 3729 1253 3784 traus-

135 3832 286 3908 soriptum.
330 3830 378 3889 Au
402 3831 458 3890 hoc
480 3829 631 3890 interdum
653 3830 682 3888 iu
707 3831 838 3888 seviratu
854 3833 925 3888 vota
941 3828 1153 3904 suscipiebant,
1176 3846 1254 3904 quae

222 4013 241 4076 ¹)
258 4026 284 4064 v.
303 4011 374 4076 cll,
392 4014 467 4064 3361.
486 4013 543 4062 981.
562 4008 606 4062 Or.
631 4012 706 4061 3950.
730 4009 751 4061 I.
770 4008 802 4062 N.
821 4012 895 4062 6361.
915 4011 989 4061 5649.
1016 4006 1056 4073 II,
1080 4009 1153 4059 lloo.
1180 4010 1252 4059 1934.
1287 4032 1294 4048 2

137 4099 162 4147 11
203 4137 208 4148 ,
294 4095 300 4108 “
331 4136 337 4149 .

168 4100 200 4149 ⁰8
219 4111 368 4246 ²1dalsdmllroc
391 4179 472 4232 titulo
491 4179 570 4233 Hera.
589 4195 615 4247 p.
631 4181 677 4232 196
695 4179 829 4247 populum
848 4178 919 4231 male
931 4176 1040 4244 accepit
1058 4176 1093 4230 de
1106 4175 1205 4230 seviris
1222 4174 1251 4228 in

133 4281 246 4333 corpore
264 4281 321 4318 nou
339 4264 487 4318 honoratis.

218 4353 240 4418 ³)
258 4351 279 4404 1.
292 4350 324 4404 N.
348 4355 417 4404 mse.
