3180 5370
435 436 496 497 illi

433 611 534 684 saun,
572 613 605 670 ut
637 611 679 668 ita
712 608 825 685 dicam,
857 608 1091 684 Augustalitatis
1126 606 1253 667 admotis
1283 625 1463 683 expugnare
1497 624 1554 667 non

433 715 492 774 sint
514 713 621 772 conati.
664 713 784 771 Revera
811 713 888 771 enim
921 710 1127 770 decurionales
1159 729 1177 769 a
1209 709 1419 788 libertinorum
1452 708 1554 770 ordine

433 833 528 891 usque
546 816 585 875 ad
601 816 704 874 ultima
726 819 863 891 tempora
878 814 1012 873 videmus
1036 819 1189 889 separatos
1210 812 1387 872 firmissimis
1409 812 1556 891 cmcellh,

433 936 509 994 qnos
544 924 578 978 ut
607 918 801 994 transsiliret,
833 916 907 976 nulli
941 934 1067 991 usquam
1097 915 1231 991 conligit.
1275 914 1356 989 Quid
1387 917 1481 992 igitur
1506 932 1555 975 cos

432 1020 598 1097 prohibuit,
627 1021 678 1096 qui
703 1019 824 1095 quidem
847 1037 902 1078 sna
931 1019 1077 1078 modestia
1107 1019 1257 1078 mehercle
1288 1037 1349 1078 non
1372 1022 1555 1094 arcerentur,

431 1141 470 1181 ne
492 1124 580 1182 etiam
609 1125 638 1181 in
662 1123 799 1198 publicos
822 1123 952 1181 honores
980 1127 1011 1181 et
1044 1123 1073 1179 in
1108 1121 1334 1180 decurionatum
1369 1124 1423 1180 aut
1452 1122 1554 1181 irrum-

432 1231 539 1300 perent
560 1229 613 1283 aut
636 1225 823 1300 irreperent?
856 1224 963 1283 Utrum
986 1225 1119 1299 ipsorum
1142 1223 1336 1283 decurionum
1360 1223 1485 1282 decreta
1505 1222 1556 1283 tali

430 1329 549 1403 incepto
572 1329 752 1386 obstiterunt
773 1345 810 1386 au
833 1327 933 1404 potius
948 1326 1031 1402 leges
1047 1326 1205 1402 publicae?
1227 1356 1269 1364 —
1292 1325 1389 1400 Quam
1404 1325 1554 1401 quaestio

433 1448 499 1489 nem
522 1448 711 1505 nequaquam
727 1435 781 1507 est,
804 1428 886 1505 quod
902 1430 933 1488 in
949 1427 1045 1488 medio
1061 1428 1278 1505 relinquamus.
1322 1427 1444 1487 Etenim
1459 1427 1555 1503 priore

432 1537 539 1609 astate,
561 1550 599 1590 ue
622 1531 829 1610 libertinorum
852 1531 993 1591 sordibus
1016 1531 1130 1607 primus
1153 1530 1228 1589 ordo
1245 1530 1459 1606 macularetur,
1479 1528 1555 1606 ipso·

432 1649 497 1693 rum
521 1634 717 1694 decurionum
741 1634 910 1710 superbiam
944 1639 1035 1709 atque
1066 1632 1257 1692 ambitionem
1285 1633 1356 1691 satie
1387 1631 1555 1707 providisse

434 1737 575 1796 arbitror.
620 1735 705 1810 Quae
736 1739 849 1812 quanta
875 1735 980 1812 fuerit,
1003 1735 1091 1794 docet
1119 1734 1194 1793 illud
1217 1734 1384 1811 Ciceronis,
1414 1735 1468 1810 qni
1489 1748 1555 1793 mm

432 1836 470 1896 ab
496 1838 695 1912 hospitatura
719 1838 752 1895 Ρ.
777 1837 885 1896 Mallia
908 1843 1081 1911 reparetur,
1105 1843 1138 1896 ut
1162 1837 1396 1895 decurionatum
1411 1836 1556 1910 priniana

433 1942 500 1999 eius
521 1941 691 2014 expediret,
714 1941 813 1999 dixit:
835 1939 959 2012 Rornae,
981 1941 1009 1998 si
1024 1937 1228 2011 ius'habebir,
1252 1939 1405 2012 Pompeiis
1429 1938 1557 2011 difficile

432 2049 486 2100 est.
531 2043 573 2102 At
594 2061 667 2102 sane
689 2041 904 2119 posterioribus
934 2043 1134 2119 temporibus,
1164 2061 1231 2101 cum
1261 2059 1387 2102 munera
1408 2040 1501 2103 vitari
1522 2058 1556 2099 ao

432 2145 533 2220 respui
557 2146 742 2220 coepissent,
770 2145 902 2204 mihimet
931 2162 1105 2220 persuasum
1137 2149 1183 2203 est
1204 2143 1382 2203 decuriones
1403 2144 1484 2203 ultro
1506 2142 1558 2203 illa

431 2247 648 2322 Augustalibus
670 2246 762 2306 fuisse
785 2246 958 2322 oblaturos,
994 2247 1019 2305 si
1053 2234 1141 2305 modo
1174 2247 1216 2306 eis
1238 2247 1373 2305 licuisset
1394 2245 1556 2322 suscipere

432 2350 571 2425 Exempli
594 2351 693 2426 gratia
715 2349 836 2427 videas,
867 2353 981 2425 quanto
1015 2349 1128 2424 gaudio
1158 2349 1330 2425 Tergestini
1360 2349 1462 2407 affecti
1489 2350 1585 2425 sint,¹

432 2469 500 2510 cum
529 2452 700 2511 Antoninus
733 2452 807 2510 Pius
847 2450 961 2511 (laruas
990 2449 1172 2527 Oatalosque
1203 2468 1306 2510 corum
1342 2451 1387 2509 rei
1416 2450 1556 2527 publicae

432 2554 489 2613 iam
511 2553 628 2630 pridem
650 2553 810 2613 attributos
841 2553 880 2611 ad
903 2554 1050 2613 honorum
1073 2554 1312 2612 communionem
1340 2556 1430 2629 atque
1453 2553 1486 2611 in
1507 2569 1557 2611 cu·

432 2656 506 2714 riam
523 2637 711 2732 admisisset,
741 2660 771 2713 et
793 2672 882 2730 quam
906 2655 1035 2714 libenter
1056 2671 1183 2714 munem
1205 2656 1421 2714 decurionatus
1443 2655 1504 2713 iana
1524 2656 1557 2715 td

429 2759 539 2831 paucis
561 2771 692 2815 mosa
722 2774 790 2815 cum
819 2756 861 2816 eis
892 2757 994 2830 partiti
1017 2754 1114 2825 sint1)
1158 2757 1216 2818 Sed
1238 2762 1272 2816 ut
1293 2758 1405 2816 Romae
1429 2774 1490 2816 non
1512 2772 1557 2815 so

431 2860 491 2919 lum
515 2860 661 2935 libertini,
694 2859 747 2918 sed
771 2861 859 2919 etiam
883 2858 1090 2918 libertinorum
1120 2858 1172 2918 filii
1205 2859 1243 2917 ad
1266 2859 1396 2919 honores
1418 2859 1557 2936 publicos

431 2960 576 3042 accedere
599 2979 718 3037 semper
740 2979 795 3037 per
817 2962 912 3037 legem
935 2962 1021 3021 vetiti
1041 2956 1167 3040 sunt2),
1197 2962 1241 3020 ita
1270 2963 1359 3020 etiam
1381 2962 1412 3020 in
1436 2962 1556 3027 munici-

432 3065 489 3141 piis
511 3082 571 3124 non
595 3062 715 3140 quidem
738 3063 945 3123 libertinorum
967 3063 1052 3141 filiis,
1080 3069 1179 3122 tamen
1210 3082 1281 3123 vero
1311 3065 1385 3139 ipsis
1407 3063 1556 3147 libertinis

432 3167 623 3242 magistratus
646 3167 782 3242 exslcgis
811 3167 996 3242 praescripto
1020 3170 1145 3242 negatos
1167 3183 1233 3225 esse
1257 3168 1382 3225 constat.
1425 3165 1504 3225 Nam
1526 3166 1556 3225 in

432 3268 507 3344 legis
529 3269 727 3327 Malacitauae
749 3268 886 3343 reliquiis
909 3269 1024 3328 etiamsi
1055 3269 1084 3327 id
1109 3273 1200 3345 caput
1222 3287 1295 3329 casu
1317 3268 1498 3346 requiritur,
1525 3269 1555 3327 iu

431 3389 491 3446 quo
514 3371 551 3430 de
567 3370 794 3431 candidatorum
810 3390 923 3447 genere
939 3371 1088 3447 copiosius
1109 3376 1228 3430 cautum
1245 3370 1556 3447 comprehensumque

431 3477 513 3551 erat,
541 3477 640 3532 tamen
664 3491 701 3532 ex
724 3473 865 3549 ingenuis
896 3491 948 3532 eos
983 3474 1087 3550 utique
1118 3492 1183 3533 esse
1217 3473 1373 3549 eligendos
1406 3471 1556 3550 expressis

431 3575 531 3635 verbis
554 3573 696 3645 diciturd)
741 3576 880 3636 Ceterum
903 3594 952 3635 res
968 3578 1044 3654 ipsa,
1066 3576 1149 3652 quod
1165 3576 1265 3635 nullus
1281 3576 1407 3634 libertus
1422 3592 1556 3653 unquam

430 3678 468 3736 ad
492 3677 720 3738 decurionatum
748 3679 903 3755 pervenit,
934 3678 1098 3738 secundum
1123 3697 1175 3754 ea,
1206 3697 1282 3757 quae
1311 3678 1450 3756 exposui,
1483 3677 1556 3737 satis

431 3780 617 3840 demonstrat
639 3781 719 3856 leges
742 3780 772 3839 id
794 3780 994 3857 prohibuisse.

250 3895 292 3942 De
311 3893 409 3972 ordinis
518 3883 665 3958 Quoniam
696 3884 726 3942 in
755 3885 898 3943 societate
928 3884 1007 3942 civili
1039 3883 1203 3961 quaesere
1231 3883 1322 3944 fuerit
1345 3883 1554 3958 Augustalium

248 3978 385 4079 intui

517 4151 537 4214 ¹)
557 4146 589 4215 V,
608 4151 666 4203 532.
871 4151 894 4215 2)
911 4145 946 4203 cf.
965 4148 1126 4203 Mommsen.
1144 4147 1242 4203 Statsr.
1260 4149 1283 4202 1.
1301 4152 1351 4202 459
1370 4163 1392 4203 s.

308 4302 313 4308 .
515 4234 536 4298 ³)
555 4249 577 4287 c.
601 4238 633 4286 54
657 4232 691 4288 cf.
716 4233 817 4299 Bruns,
841 4231 935 4288 fontes
958 4233 1028 4287 iuris
1051 4233 1085 4287 R.
1108 4239 1163 4288 ant
1185 4237 1257 4288 isne.
1279 4251 1306 4304 p.
1327 4236 1388 4286 125:
1412 4249 1503 4288 ..erc
1521 4248 1553 4288 co

259 4386 263 4403 ἱ
427 4334 532 4388 poam
552 4319 783 4389 inpenderunt
800 4317 950 4385 hominnm,
975 4319 1010 4374 de
1028 4335 1084 4390 qao
1102 4318 1128 4374 Ιι.
1147 4319 1164 4374 1.
1183 4324 1296 4374 cautum
1314 4317 1554 4389 comprehensam·

430 4419 484 4473 qne
501 4407 552 4457 est.
932 4421 936 4426 ·
