3142 5138
1245 509 1288 571 35

109 758 112 763 .
157 657 227 736 ¹rum
250 677 323 735 socii
353 681 443 736 antea
463 676 633 737 sacerdotio
660 695 760 735 annuo
791 696 926 753 magnam
956 684 1072 756 partem
1104 700 1164 741 non
1188 685 1289 741 essem

161 778 269 856 iuneti,
290 780 361 838 mihi
383 778 489 839 videor
511 779 691 839 confutasse.

245 883 306 939 lam
329 881 358 939 in
382 883 424 940 eis
447 883 571 941 marium
594 881 777 957 regionibns,
800 883 849 940 ubi
872 885 1056 956 Aneuniates
1078 884 1142 943 fere
1164 885 1219 943 soli
1240 886 1283 953 in·¹
1303 898 1328 959 b)
1346 899 1473 946 Rationes

161 984 339 1059 veniuntur,
367 1001 405 1042 ex
427 985 530 1059 paucis
560 985 669 1043 annuis
691 983 899 1043 sacerdotibus
928 1003 1030 1044 eornm
1050 987 1190 1062 *collegia
1221 1006 1280 1048 uon
1322 967 1455 1030 speciales.

96 1105 106 1153 j
160 1103 223 1146 esse
246 1089 321 1161 orta,
343 1086 412 1144 inde
435 1086 486 1144 ille
508 1087 604 1145 voluit
627 1086 796 1161 simpliciter
820 1086 935 1160 confici,
957 1089 1039 1162 quod
1060 1089 1153 1147 acciri
1175 1089 1283 1148 ibidem

160 1188 235 1247 nulli
258 1192 571 1248 commemorarentur.
615 1189 655 1246 At
686 1193 813 1264 quaerat
835 1189 999 1265 quispiam,
1030 1210 1100 1250 uum
1130 1191 1207 1251 forte
1228 1191 1285 1251 sub

160 1291 224 1368 ipso
239 1291 452 1364 Aupmrolinm
476 1291 594 1349 nomine
616 1291 705 1350 etiam
728 1291 901 1351 sacerdotes
924 1294 1015 1352 annui
1033 1294 1156 1352 lateant.
1196 1292 1284 1366 Quod

159 1394 322 1452 Hennenus
344 1411 411 1451 cum
433 1393 622 1468 praevideret
644 1392 698 1451 sibi
722 1395 834 1470 opponi
865 1412 954 1469 posse
982 1399 1143 1471 propterea
1165 1397 1282 1454 censuit

160 1496 327 1573 negandum
351 1513 430 1571 esse,
457 1497 529 1570 quia
557 1500 618 1553 tnm
649 1496 831 1571 Augustales
859 1498 985 1571 proprie
1013 1497 1095 1556 cultu
1125 1497 1285 1574 fungentes

159 1619 217 1659 nou
234 1598 361 1658 luissent
382 1598 500 1656 nomine
524 1599 655 1673 separati
678 1616 695 1655 a
713 1599 923 1684 pominunibus
939 1598 1053 1656 ordinis
1068 1600 1164 1660 sociis.
1202 1599 1281 1673 Quid
1299 1613 1470 1662 Possunrsub

159 1683 252 1761 veru?
285 1701 364 1759 Num
388 1704 477 1776 putas
499 1701 541 1758 ita
563 1701 641 1758 illam
664 1701 878 1760 dubitationem
902 1701 1047 1760 sublatam
1064 1720 1137 1779 esse,
1160 1702 1279 1777 quando
1288 1682 1476 1799 ssffiffl

160 1802 278 1880 quidem
302 1807 420 1862 constat
441 1803 470 1860 in
494 1802 553 1862 illis
576 1803 709 1879 oppidis,
739 1803 789 1862 ubi
811 1805 904 1861 seviri
933 1808 1048 1862 tautum
1077 1805 1280 1881 inveniuntur,
1310 1782 1456 1868 sacerdotes

71 1944 81 1964 .
159 1912 189 1966 et
211 1904 383 1964 sacerdotes
410 1923 526 1965 annuos
557 1910 586 1964 et
616 1905 730 1964 ordinis
760 1906 858 1964 socios
889 1906 992 1964 eodem
1024 1907 1142 1967 nomine
1174 1925 1281 1967 revera
1339 1888 1424 1936 annui.

159 2026 229 2067 usos
251 2008 340 2066 esse?
384 2008 476 2066 lmmo
500 2006 727 2066 concedendum
758 2013 804 2067 est
832 2008 934 2067 itidem
958 2027 1019 2067 rem
1043 2027 1075 2067 se
1098 2009 1208 2068 babere
1231 2027 1282 2084 po·

159 2111 260 2186 tuisse,
283 2110 332 2169 ubi
357 2129 415 2169 nou
438 2111 598 2168 exstabant
628 2110 682 2168 uisi
706 2111 900 2183 Anpurtnler.
945 2111 990 2170 Ac
1012 2129 1158 2187 perquam
1190 2111 1285 2171 obfuit

158 2215 212 2272 toti
227 2213 360 2272 Hennoni
383 2213 643 2289 argumentationi,
666 2213 747 2289 qnod
771 2213 827 2271 hoc
849 2232 908 2271 nou
931 2214 1031 2273 sensit.
1074 2214 1135 2275 Iam
1151 2215 1229 2273 enim
1252 2215 1283 2272 in

126 2324 128 2328 ’
159 2317 201 2399 eis
231 2333 308 2392 qnae
337 2320 505 2389 sequnntur
533 2315 590 2374 hoc
619 2319 732 2374 tantum
764 2317 895 2392 quaerit,
931 2335 1001 2375 uum
1032 2318 1125 2374 ueniri
1161 2318 1281 2388 omuino

159 2418 216 2477 dici
239 2418 355 2492 possint
378 2418 418 2476 ibi
441 2418 601 2493 exstitisse,
624 2418 673 2476 nbi
697 2397 797 2476 adlrne
819 2419 931 2494 reperti
948 2437 1008 2477 non
1025 2423 1134 2478 esseut
1171 2418 1283 2479 Contra

99 2583 105 2592 x
159 2520 288 2583 debebat
307 2538 467 2596 quaerere,
490 2525 589 2580 utrum
612 2519 783 2580 sacerdotes
805 2522 898 2586 annui
929 2522 1029 2580 nescio
1052 2525 1125 2596 quot
1148 2521 1196 2579 vel
1220 2539 1280 2597 quo

90 2668 92 2672 ,
159 2624 276 2682 nominc
306 2622 345 2682 ibi
374 2621 467 2681 fuisse
489 2622 607 2681 dicendi
630 2626 730 2682 essent
757 2627 919 2698 possentve
942 2622 999 2681 dici
1024 2641 1127 2682 necne.
1172 2624 1278 2699 Itaque

158 2726 217 2804 huc
241 2719 359 2801 spectat
381 2725 462 2801 qnod
485 2742 579 2800 supra
601 2725 701 2784 monui
724 2725 761 2784 de
785 2724 961 2784 necessitate
984 2725 1014 2784 id
1030 2724 1111 2800 qnod
1127 2728 1282 2802 quaeritur

157 2830 238 2888 recte
262 2831 292 2888 et
313 2831 454 2886 accurate
477 2826 671 2901 exprimendi.

256 2929 373 2989 Deinde
410 2931 569 2989 Hennenus
605 2928 816 2988 animadvertit
852 2930 981 2988 sevirum
1025 2929 1092 2988 loco
1128 2928 1185 3006 ibi,
1227 2930 1278 2988 ubi
1324 2915 1470 2990 Henzeni'

158 3033 336 3105 Augustales
358 3036 474 3091 tantum
505 3033 536 3090 in
564 3031 656 3090 titulis
681 3032 793 3107 reperti
816 3032 887 3107 siut,
915 3032 990 3090 alios
1012 3031 1198 3106 deprehendi
1220 3050 1280 3091 ma·
1298 3019 1473 3143 Zfflffiam

158 3136 307 3212 gistratus,
330 3135 381 3211 qni
399 3131 508 3194 'rursus
531 3135 573 3193 eis
596 3134 714 3210 oppidis
738 3134 844 3210 desint,
867 3133 917 3192 ubi
941 3138 1059 3192 exstent
1074 3135 1174 3193 orriri.
1212 3133 1279 3208 Quo
1302 3147 1365 3194 lium
1382 3132 1462 3209 idagi-

159 3236 325 3297 eonfirmari
356 3238 540 3313 opinionem·
560 3237 617 3296 illis
650 3237 820 3313 regionibus
851 3237 967 3295 seueros
998 3237 1117 3296 omnino
1140 3237 1281 3316 defuisse.
1310 3215 1454 3347 ἴξζζζξιῗζ

157 3339 192 3398 Id
222 3339 342 3417 quidem
373 3359 438 3399 cum
470 3345 572 3399 nostra
601 3341 686 3415 parvi
723 3341 840 3399 intersit
877 3339 955 3398 ultro
988 3339 1198 3415 concedimus,
1229 3339 1280 3398 sed

71 3512 73 3523 Α
157 3440 318 3502 videndum
341 3446 401 3519 est,
430 3460 501 3501 num
523 3443 611 3502 etiam
634 3441 806 3502 sacerdotes
835 3459 952 3500 annuos
975 3442 1011 3500 iu
1034 3443 1207 3501 universum
1232 3442 1281 3500 de·

124 3555 126 3558 “
157 3543 249 3604 inisse
270 3545 326 3604 isto
350 3549 540 3620 argumento,
556 3544 739 3604 conficiatur.
784 3544 934 3616 Quocirca
956 3545 1101 3618 primum,
1124 3561 1281 3619 argumen-

158 3650 219 3707 tum
249 3666 304 3724 per
330 3665 361 3706 se
387 3648 486 3724 ipsum
516 3647 666 3721 quomodo
698 3664 731 3706 se
763 3646 888 3719 habeat,
922 3647 1134 3705 exauriuemus.
1176 3646 1281 3720 ltaque

158 3748 289 3809 breviter
320 3767 453 3826 expono,
486 3750 608 3825 quinam
646 3749 838 3826 magistratus
871 3751 1140 3807 commemorentur
1175 3748 1206 3806 in
1239 3749 1281 3807 eis

147 3851 284 3927 oppidis,
306 3852 355 3910 nbi
377 3851 470 3910 serini
492 3851 609 3924 desunt,
632 3885 673 3894 -
696 3851 836 3925 breviter,
858 3850 996 3926 iuquam,
1020 3868 1087 3908 nam
1109 3849 1188 3908 iufra
1210 3850 1280 3908 ube·
1341 3877 1344 3889 v

157 3952 220 4012 rius
241 3972 277 4012 ac
300 3954 459 4029 separatim
483 3952 519 4011 de
542 3953 671 4012 sevirum
686 3952 898 4028 Augustalium
921 3951 1146 4027 magistratibus
1166 3954 1279 4027 agetur.

263 4056 416 4115 Habemus
452 4056 542 4130 igitur
579 4055 787 4130 Augustalium
830 4054 1072 4128 quinquennales
1084 4050 1106 4124 ¹)
1143 4053 1277 4128 singulos
1332 4084 1437 4130 Horum

158 4156 279 4219 Canusii
302 4163 333 4217 et
356 4159 503 4217 Venusiae
525 4162 555 4216 et
576 4157 741 4216 Beneventi
771 4162 860 4231 atque
888 4156 916 4213 in
940 4156 1026 4214 titulo
1049 4157 1112 4230 agri
1136 4151 1477 4267 Neapoli-margicsetlrfflm

227 4384 504 4455 ¹)Augustales,
527 4385 811 4454 quinquennales
835 4384 883 4438 vix
910 4391 985 4438 recte
1009 4384 1170 4451 Henzcnus3
1195 4383 1299 4450 immoj

78 4467 92 4518 ’ν
156 4473 186 4527 in
209 4471 308 4542 paucis
333 4472 482 4541 lapidibus,
507 4473 535 4525 iu
565 4472 668 4539 quibus
691 4470 793 4539 legitur
817 4466 905 4540 Aug.
930 4469 1055 4538 quinq,
1081 4469 1137 4521 dno
1159 4467 1279 4522 honores

1038 4573 1072 4622 31
