3142 5138
1241 505 1281 567 25

159 680 258 740 umen
288 676 398 737 durare
426 676 580 754 potuerint
610 677 734 754 antiqua
756 679 885 738 nomina
927 680 1035 755 Neque
1057 697 1130 739 vero
1154 697 1280 741 necesse

159 779 216 840 fuit
235 780 293 841 boc
315 798 424 840 nomen
446 781 596 856 antiquari
619 780 667 840 vel
678 779 741 840 fieri
758 785 958 857 contemptum
974 785 1138 859 propterea
1154 781 1235 858 qnod
1250 784 1281 843 in

160 882 311 944 nonnullis
333 882 451 960 oppidis
463 880 485 955 1)
515 883 638 959 ingenui
661 885 792 943 seviratu
815 887 899 961 gesto
931 883 969 943 ad
990 884 1120 945 honores
1143 885 1281 961 publicos

160 985 342 1054 accedebant
363 985 491 1062 ideoque
514 986 603 1044 seviri
623 985 740 1046 titulum
757 986 960 1047 additamento
983 985 1198 1061 elAcpcstolis
1220 1006 1280 1048 non

160 1087 318 1165 angebant
360 1089 438 1148 Nam
457 1088 631 1164 quicunque
647 1088 833 1148 conabantur
849 1088 1031 1166 Augustales
1046 1089 1177 1148 libertini
1200 1088 1281 1149 nudo

159 1191 324 1251 sevirorum
347 1191 434 1249 titulo
463 1189 607 1267 adoptato
639 1190 801 1250 nobiliores
832 1191 904 1251 istos
934 1210 1085 1267 aequare,
1106 1192 1281 1268 plerumque

159 1294 286 1354 nominis
308 1294 424 1354 ratione
455 1296 489 1352 ut
509 1311 600 1353 verae
623 1292 808 1355 condicionis
837 1295 878 1353 ita
899 1295 1040 1355 vanitatis
1063 1293 1280 1354 convinceban-

158 1399 217 1457 tur.
259 1396 367 1473 Itaque
389 1396 533 1473 plurimos
560 1396 648 1455 titulo
678 1395 810 1472 legitimo
842 1414 938 1472 eoque
966 1397 1087 1473 proprie
1116 1395 1280 1456 honorifico

157 1499 345 1576 acquievisse
366 1498 506 1576 arbitror,
528 1499 622 1557 veluti
643 1498 824 1576 Mediolani,
846 1498 897 1560 ubi
918 1499 1030 1559 nudum
1059 1499 1147 1558 seviri
1171 1516 1279 1558 nomen

158 1603 297 1683 ingenuis
319 1601 382 1662 fere
403 1601 632 1678 reservabatur,
664 1601 795 1661 libertini
824 1602 901 1662 iuter
931 1603 1046 1676 seviros
1073 1601 1155 1661 nude
1184 1601 1280 1662 dictos

27 1732 30 1733 ⁷
65 1759 68 1764 .
159 1721 218 1764 non
239 1705 431 1782 reperiuntur
453 1703 508 1763 nisi
531 1704 629 1782 pauci.
638 1700 663 1777 2)

242 1808 381 1869 Ceterum
403 1807 568 1867 secundum
591 1824 635 1884 ea,
657 1825 736 1883 quae
757 1807 903 1870 hactenus
925 1807 1066 1883 exposui,
1089 1807 1194 1865 mirum
1218 1824 1277 1866 uon
1330 1811 1399 1889 sevir
1414 1818 1440 1888 et

157 1909 317 1987 videbitur,
338 1909 419 1986 qnod
435 1908 673 1985 quotiescunque
695 1909 866 1985 imperatori
890 1909 1048 1986 posteriori
1076 1909 1163 1968 sevini
1187 1907 1278 1968 dicati
1289 1879 1471 1996 Ὲξέξὶζῗζέἐὲ

157 2016 236 2090 sunt,
258 2013 345 2072 etiam
360 2013 443 2072 >haec
466 2012 543 2072 ratio
565 2011 680 2071 ordinis
710 2012 807 2071 socios
837 2009 1010 2088 appellandi
1040 2011 1156 2070 revixit
1199 2011 1277 2070 Nam

157 2133 226 2193 eos,
256 2116 308 2192 qui
341 2133 464 2174 munere
493 2132 595 2173 annuo
617 2113 779 2191 fungentes
808 2114 856 2173 vel
879 2112 996 2174 Claudii
1027 2113 1077 2171 vel
1103 2113 1281 2189 Vespasiani

158 2218 269 2278 cultum
293 2217 454 2295 praecipue
481 2201 664 2277 curaverant
685 2216 814 2292 ideoque
843 2216 881 2275 ab
904 2217 946 2276 eis
969 2216 1089 2275 nomina
1118 2219 1281 2292 traxerant,

157 2321 244 2381 etiam
267 2339 334 2381 cum
357 2320 388 2379 in
411 2319 546 2380 ordinem
568 2320 745 2396 transirent,
767 2338 828 2379 non
850 2318 1033 2393 reportares
1061 2336 1100 2378 ex
1131 2336 1213 2377 more
1234 2335 1280 2378 so-

156 2409 206 2483 litb
227 2423 372 2500 appellari
396 2422 449 2481 sed
472 2423 528 2482 ista
550 2423 672 2481 nomina
693 2423 825 2482 retinere
840 2425 1072 2482 consentaneum
1089 2425 1162 2482 erat.
1198 2422 1279 2496 Ergo

156 2526 211 2586 bos
242 2544 301 2586 non
331 2525 447 2584 saviros
479 2529 509 2584 et
530 2524 715 2598 Auqcrtoler
748 2524 800 2584 sed
829 2525 945 2584 seviros
974 2530 1003 2584 et
1027 2523 1200 2583 Claudiolee
1223 2522 1281 2581 'vel

156 2624 305 2688 rimatos
334 2627 512 2687 decuriones
546 2631 735 2688 creaverunt.
787 2627 882 2701 Quem
914 2626 1047 2702 titulum,
1081 2644 1147 2686 cum
1182 2642 1280 2701 novus

156 2735 235 2791 esset
255 2734 347 2808 atque
368 2730 533 2810 inauditus,
556 2730 631 2789 alias
654 2747 775 2807 quoqne
796 2733 961 2807 potuerunt
981 2729 1101 2805 saepius
1123 2746 1279 2804 usurpare,

155 2834 267 2894 etiamsi
296 2851 403 2894 nomen
436 2832 553 2891 serviri
576 2837 605 2891 et
627 2832 803 2906 Aequoreo
832 2830 959 2891 fortasse
988 2830 1046 2891 iam
1077 2831 1279 2907 obsolevisset,

155 2937 259 2997 saltem
281 2936 312 2994 in
334 2937 396 2994 vita
418 2935 575 2995 communi.
617 2936 724 3011 Itaque
747 2934 890 2994 habemus
913 2953 942 3010 p.
960 2938 998 2994 18
1022 2933 1078 2993 sub
1098 2953 1126 2992 n.
1142 2936 1182 2992 42
1205 2935 1279 2994 sevi·

156 3054 224 3097 ram
244 3044 275 3097 ct
299 3037 486 3097 Claudiolem
508 3041 538 3097 et
560 3037 616 3097 sub
644 3057 673 3096 u.
694 3040 735 3098 43
757 3037 888 3096 sevirum
911 3040 940 3094 et
962 3036 1133 3094 liaciolem.
1179 3035 1277 3095 linim-

157 3159 229 3200 vero
251 3141 295 3199 illi
317 3140 403 3216 tituli,
425 3141 455 3199 in
479 3141 588 3216 quibus
609 3141 724 3200 serviri
747 3145 778 3199 et
795 3123 977 3213 loquuturos
1000 3142 1279 3214 commemorantur,

158 3244 292 3320 quamvis
314 3242 419 3302 id-non
436 3243 474 3302 sit
489 3243 699 3318 necessarium,
721 3246 819 3302 tamen
842 3245 969 3318 possunt
991 3241 1030 3300 ad
1052 3245 1179 3301 aetatem
1202 3241 1276 3300 anti-

157 3347 290 3422 quiorem
312 3346 450 3421 plerique
473 3342 658 3421 pertinere.³)
702 3345 803 3421 Atque
826 3343 862 3403 de
885 3343 1037 3403 nonnullis
1058 3343 1089 3401 id
1105 3346 1186 3403 certo
1210 3361 1278 3402 eon-

156 3451 224 3508 stat.
267 3448 358 3508 Verbi
380 3465 486 3507 caussa
507 3448 625 3507 titulum
649 3450 676 3523 2,
705 3449 736 3506 in
764 3466 824 3524 quo
847 3447 935 3505 homo
958 3445 1108 3522 ingenuus
1129 3464 1165 3505 ao
1187 3445 1277 3504 flami·

157 3549 234 3610 nalis
270 3568 379 3610 nomen
414 3550 528 3623 serviri
560 3553 590 3607 et
611 3549 793 3624 Acocstolir
826 3548 882 3608 sibi
919 3547 1067 3624 vindicat,
1103 3548 1141 3607 ab
1178 3551 1277 3606 aetate

157 3653 312 3729 Angustea
334 3651 414 3711 haud
435 3651 542 3730 procul
572 3652 678 3718 abesse
709 3651 894 3728 cognominis
925 3649 1058 3709 defectus
1081 3647 1209 3709 dilucide
1231 3669 1277 3708 sr-

157 3755 227 3830 guit
270 3753 397 3814 Videtur
419 3758 517 3814 autem
540 3753 646 3812 inilia
676 3753 804 3812 formula
825 3753 975 3829 particula
1002 3757 1031 3810 ct
1054 3752 1148 3828 magis
1171 3753 1277 3827 magis-

157 3875 214 3933 que
245 3858 353 3917 omissa
376 3875 455 3935 esse,
499 3857 528 3916 id
566 3855 646 3932 quod
672 3861 777 3933 postea
810 3855 867 3915 fnit
894 3855 1014 3914 omnino
1045 3855 1278 3914 usitatissimum.

243 4057 263 4121 ¹)
282 4055 411 4110 Ceterum
431 4053 484 4108 nisi
496 4052 647 4107 Mediolani
659 4051 727 4106 haec
738 4051 879 4105 nominum
891 4050 1081 4129 discrepantia
1091 4050 1276 4105 demonstrari

155 4141 262 4208 nequit.
647 4148 649 4155 ·

240 4228 264 4293 ²)
280 4223 327 4278 Ac
349 4224 406 4277 noli
430 4222 556 4277 oblivisci
575 4222 641 4275 dum
658 4237 772 4276 munere
789 4220 944 4289 funguntur
962 4220 1093 4275 omnibus
1111 4220 1215 4275 nudum
1234 4235 1275 4275 se-

155 4310 209 4364 viri
225 4325 325 4364 nomen
343 4308 496 4377 aequaliter
515 4303 689 4361 convenisse.

240 4397 264 4463 ³)
280 4396 450 4462 Quamquam
474 4392 622 4447 Mediolani
645 4393 742 4446 saltem
765 4393 875 4448 serviri
900 4408 960 4446 sca.
983 4397 1010 4446 ct
1033 4393 1102 4463 Acq.
1133 4391 1215 4446 etiam
1239 4390 1273 4444 ad

154 4481 336 4549 posteriorem
354 4479 621 4534 scetem-videntur
640 4477 789 4547 pertinere.
