3180 5370
1206 516 1225 555 V

1148 675 1198 713 nm·

301 731 416 785 neribus
441 730 604 798 dignitatern
628 729 764 799 auspicati
790 734 918 784 000030.
959 731 1052 802 ,4000-

302 799 413 854 statium
437 798 557 866 collegia
580 813 642 852 sero
668 800 851 852 nominantur.
875 804 915 852 40.
960 801 1052 870 01090-

301 867 413 922 rtalitar
435 867 552 921 iteratur
576 871 617 920 40.
657 868 727 937 Auo.
751 882 802 935 per
823 865 881 920 etui
900 870 932 921 40
945 882 967 921 0.
1009 869 1053 921 De

301 938 344 991 tit.
364 935 549 991 0r.·H.1112.
569 939 638 990 410.
673 883 924 1004 00000οἳ10042.

199 1049 282 1120 §la
319 1051 364 1109 De
395 1066 519 1108 numero
544 1047 754 1122 Augustalium
783 1046 971 1107 sacerdotum
1001 1066 1051 1106 an·

352 1169 479 1212 nuorum
532 1190 1051 1210 ...........
1095 1150 1222 1209 ‹ta-45

301 1246 355 1301 Sex
396 1244 512 1299 fuerunt
553 1244 636 1299 etiam
676 1245 845 1316 Augustales
885 1223 970 1297 annui
1011 1246 1052 1297 12.

299 1312 689 1394 Argumentumgeneralius
713 1317 822 1367 42-44.
864 1311 979 1368 Sexviri
996 1313 1052 1367 sin-

300 1383 359 1452 guli
369 1382 571 1454 ,009000000οε
586 1381 740 1437 intermixti
754 1385 816 1436 440.
843 1381 864 1435 Ι.
875 1382 907 1436 N.
917 1386 992 1436 4000.
1010 1387 1051 1435 45.

201 1474 285 1566 014.
323 1495 429 1568 Qualis
445 1496 483 1554 sit
498 1495 694 1571 collegiorum
710 1498 815 1572 status,
837 1494 888 1554 ubi
907 1497 937 1552 00
957 1493 1049 1552 aevirr'

353 1601 383 1656 et
405 1597 589 1670 Augustales
611 1601 730 1669 exstant
788 1636 1050 1656 ......
1094 1578 1220 1656 46449

299 1693 403 1745 Eorum
414 1697 504 1745 status
516 1706 572 1744 non
587 1697 631 1744 est
643 1691 772 1746 diversus
785 1695 826 1745 46.
862 1691 980 1744 Duobus
1004 1705 1051 1743 no·

297 1760 419 1814 minibus
438 1776 505 1813 num
517 1760 586 1814 insit
597 1760 675 1814 notio
688 1759 800 1814 diversa
811 1765 853 1814 46.
887 1759 1054 1831 Augustalis

303 1829 351 1897 qui
369 1844 426 1883 non
449 1826 504 1881 fuit
522 1829 604 1884 aruir.
624 1832 664 1881 46.
699 1829 825 1894 Nomina,
842 1844 899 1882 non
916 1828 993 1882 notio
1011 1827 1051 1882 di·

299 1911 380 1951 versa
403 1901 436 1950 46
446 1914 467 1951 0.
514 1896 677 1968 Augustalis
703 1923 735 1941 =
760 1898 836 1950 sevir
863 1911 977 1951 munere
1005 1895 1050 1950 de-

298 1965 411 2020 functus
429 1971 461 2019 47
474 1981 495 2018 0.
515 1965 619 2019 Contra
645 1966 844 2020 Mommsenum
873 1968 935 2020 480.

196 2076 280 2147 §liu
317 2078 397 2136 Num
429 2077 507 2135 inter
541 2093 573 2135 00
605 2077 746 2136 differant
775 2077 867 2135 sevirr'
897 2079 927 2135 et
956 2077 1050 2135 aeviri

351 2180 534 2253 Augustales
583 2220 1050 2240 ..........
1093 2179 1218 2238 48-51

297 2272 406 2328 Tabula
429 2278 461 2326 49
480 2289 501 2327 s.
544 2273 605 2327 Non
629 2278 697 2327 sunt
720 2273 825 2327 diversi
851 2278 891 2326 50.
927 2272 1051 2327 Henneni

296 2339 556 2465 {Alluiroefffeffltm
582 2347 614 2396 50
630 2359 651 2396 0.
687 2342 752 2396 Alia
778 2342 936 2396 coniectura
957 2357 1050 2410 repro·

195 2521 278 2592 §lu
315 2523 361 2583 De
400 2523 506 2582 seviris
538 2522 616 2599 Aug.
650 2522 943 2582 Mediolaniensibns.
1001 2523 1047 2582 De

350 2627 456 2684 seviris
478 2626 644 2685 iunioribus
667 2629 696 2684 et
718 2626 887 2685 senioribus
938 2667 945 2683 .
989 2667 997 2684 .
1041 2667 1048 2682 .
1094 2625 1219 2685 51-54

298 2719 389 2774 Sevirr'
399 2721 562 2788 plerumque
575 2720 698 2788 ingenui,
711 2719 795 2774 aeoiri
803 2722 861 2786 (et)
872 2720 941 2792 Any.
951 2734 1049 2773 omnes

295 2788 485 2849 libertini-52.
535 2788 625 2842 Seviri
651 2789 774 2842 iuniores
802 2793 830 2842 et
857 2788 980 2842 seniores
1008 2791 1048 2843 52.

296 2853 426 2980 alioruin
452 2857 579 2926 oppidor.
607 2857 692 2911 seviri
719 2857 843 2912 iuniores
869 2863 897 2912 et
923 2857 1049 2912 seniores

336 2944 391 2977 -ὓ
412 2967 418 2978 .

194 3037 279 3107 §lt
316 3039 395 3097 Num
424 3038 515 3097 seviri
547 3055 613 3096 eum
642 3038 707 3097 aliis
736 3037 871 3114 collegiis
894 3037 1046 3097 coniuncti

347 3139 459 3200 fuerint
479 3182 1047 3199 ............
1093 3141 1216 3199 54-59

294 3232 476 3302 Borghesius.
494 3233 841 3302 Zumptius.Henzen.51.
876 3234 1048 3288 Documenta

295 3310 501 3370 componuntur
528 3308 636 3357 54-56.
681 3303 860 3356 Mercuriales
880 3304 1006 3357 Naronae
1031 3318 1047 3355 a

295 3371 395 3425 seviris
414 3372 517 3426 diversi
536 3376 568 3424 56
589 3387 609 3424 0.
652 3372 778 3426 Aliorum
798 3372 924 3440 oppidor.
943 3372 1046 3426 Merou-

294 3439 386 3506 rietes,
399 3438 580 3508 Apollinares
594 3446 634 3493 51.
659 3440 856 3494 Concordiules
871 3440 971 3493 Patavi
982 3444 1013 3493 51
1025 3456 1046 3494 s.

293 3508 471 3562 Mercuriales
496 3508 641 3562 Grumenti
666 3512 706 3562 58.
741 3506 917 3576 Augustales
936 3507 1045 3561 Martini

294 3579 334 3629 58.
365 3575 539 3644 Augustales
552 3577 658 3630 aeditui
671 3576 788 3631 Tusculi
808 3581 848 3632 58.
878 3576 1045 3631 Herculanei

296 3650 324 3699 et
341 3641 418 3714 Aug.
437 3645 541 3699 'tibure
561 3650 592 3698 58
606 3661 628 3701 0.

192 3755 210 3825 ἕ
229 3759 275 3816 18.
311 3756 391 3814 Num
415 3757 504 3815 etiam
527 3758 727 3832 posteriorum
750 3758 963 3834 imperatorum
987 3757 1048 3816 oul-

347 3861 408 3917 000
432 3860 523 3919 sevini
547 3859 625 3938 Aug.
648 3861 837 3937 spsoeperint
884 3905 891 3919 .
935 3901 941 3916 .
986 3902 993 3917 .
1038 3902 1045 3916 .
1090 3860 1215 3919 59-65

292 3951 417 4005 Priorum
441 3953 595 4007 sententiae
620 3959 660 4008 50.
698 3955 893 4022 Exemplorum
911 3968 1045 4007 recensus

294 4025 403 4074 50-61.
439 4018 616 4089 Argumenta
634 4024 784 4090 probantia
802 4026 868 4076 610.
911 4020 1046 4076 Rationes

292 4088 514 4143 adversariorum
546 4090 704 4146 refutantur
734 4095 767 4146 62
780 4107 816 4145 ss.
875 4089 1045 4161 Augustales

294 4156 390 4211 Claud.
418 4164 471 4211 000.
499 4160 663 4228 plerumque
690 4176 746 4213 non
774 4159 864 4228 plenis
887 4158 1045 4213 nominibus

292 4232 411 4279 utuntur
429 4230 493 4281 620.
530 4228 572 4282 De
590 4227 633 4281 tit.
652 4228 696 4283 Or.
716 4231 791 4281 3932.
813 4227 845 4296 V,
859 4231 932 4281 1018.
951 4227 1043 4281 Witn.

292 4297 365 4347 2100.
393 4299 425 4348 63
439 4311 459 4348 s.
496 4295 562 4349 Alia
574 4302 739 4365 argumenta
751 4301 784 4350 64
797 4313 817 4350 s.
855 4297 1042 4350 0002526.

293 4367 334 4416 li.
373 4368 414 4416 65.
760 4368 763 4373 '
