3180 5370
428 470 469 534 98

515 648 675 705 Henneuus
705 664 772 706 cum
794 638 882 706 'inter
905 646 1088 724 Augustales
1111 647 1352 723 quinquennales
1380 651 1411 708 ιι
1439 648 1555 708 saviros
1585 708 1588 712 .

429 749 612 826 Augustales
629 747 869 825 quinquennales
885 731 1127 824 distinguendum
1151 766 1217 808 esse
1232 749 1329 826 primo
1345 749 1555 829 existimasset,

429 850 552 928 deinde,
575 853 608 910 nt
629 851 685 908 iam
709 850 785 928 dixi,
807 854 966 928 utrumque
995 870 1090 927 genus
1113 851 1190 911 idem
1215 869 1280 911 esee
1303 852 1368 928 ipse
1391 852 1553 930 perspexit

428 955 462 1012 In
486 972 521 1013 co
544 955 644 1011 autem
667 968 769 1012 errare
792 954 1009 1031 perseveravit,
1031 953 1113 1029 quod
1136 970 1197 1031 eos,
1220 954 1272 1029 qui
1288 953 1432 1013 dicuutur
1447 954 1552 1028 Aaou·

428 1056 519 1114 scoies
541 1055 793 1127 qriioqoeonolee,
824 1054 974 1132 simplices
996 1055 1109 1114 ordinis
1132 1056 1229 1115 socios
1251 1056 1487 1141 esse'iudieavit
1507 1074 1552 1115 sa·

430 1157 563 1216 cerdotio
586 1174 687 1216 annuo
710 1174 769 1214 non
792 1156 922 1216 functos.
932 1154 956 1227 ¹)
1001 1157 1094 1231 Quem
1120 1174 1251 1216 errorem
1274 1174 1365 1234 supra
1387 1158 1463 1218 satis
1485 1176 1552 1218 cou-

429 1255 560 1330 futavi.²)
604 1260 697 1317 Immo
712 1259 763 1335 qui
780 1258 1089 1335 quinquennalitatcm
1106 1262 1314 1337 assequuntur,
1337 1263 1428 1319 antea
1451 1278 1551 1321 omues

430 1360 492 1421 iere
515 1364 584 1438 post
606 1360 737 1420 muneris
761 1361 851 1420 annui
875 1361 1160 1422 administrationem
1183 1362 1212 1420 in
1242 1361 1378 1421 ordinem
1401 1362 1552 1440 Augusta·

248 1481 276 1528 A
294 1494 406 1546 quonam
430 1465 500 1523 lium
523 1465 684 1522 intrarunt.
729 1463 838 1522 Videas
861 1464 1003 1539 imprimis
1025 1484 1053 1523 n.
1071 1468 1098 1524 6.
1118 1461 1169 1535 (cf.
1185 1483 1214 1523 ιι.
1230 1461 1270 1536 8.)
1294 1484 1322 1523 ιι.
1338 1468 1365 1523 l.
1405 1465 1552 1526 Oreantur

264 1556 388 1598 creentur.
431 1569 530 1627 autem
565 1585 624 1625 non
653 1564 907 1624 adccum'onibus
937 1565 1013 1625 sient
1035 1568 1144 1644 sevini,
1180 1566 1233 1627 scd
1263 1567 1300 1625 ab
1331 1567 1405 1643 ipsis
1439 1567 1552 1629 ordinis

429 1668 641 1744 Augustalium
664 1668 760 1726 sociis.
783 1666 825 1740 (n.
842 1665 903 1739 31).
947 1668 1047 1747 Atque
1077 1669 1133 1727 hac
1154 1669 1220 1744 ipsa
1242 1659 1274 1727 r'e
1297 1686 1440 1744 magnum
1464 1668 1551 1730 eflici-

376 1749 380 1758 ¹
428 1774 477 1829 tur
498 1771 577 1829 inter
599 1770 714 1829 saviros
737 1773 767 1828 et
789 1770 1030 1846 quinquennales
1053 1770 1220 1829 discrimen.
1265 1770 1338 1830 Oum
1361 1773 1441 1832 enim
1464 1771 1552 1832 decu·

429 1871 567 1931 rionibns
581 1874 716 1949 potestas
739 1875 819 1932 esset
840 1872 967 1947 cogendi
989 1890 1049 1949 eos,
1072 1890 1148 1949 quos
1170 1876 1356 1949 creaverant,
1380 1873 1420 1959 ad
1443 1891 1552 1934 munna

428 1973 633 2051 subeundum,
656 1974 838 2050 Augustales
869 1974 921 2033 tali
945 1975 1094 2050 potestate
1118 1974 1269 2035 carebant
1313 1975 1400 2036 Unde
1423 1956 1571 2053 primum·

430 2078 565 2153 sequitur
587 2076 856 2153 quinquennalinm
879 2094 1005 2136 munera
1028 2096 1087 2136 non
1110 2078 1203 2136 fnisse
1227 2077 1354 2154 publica,
1376 2078 1431 2138 sed
1454 2079 1552 2156 potius

430 2183 583 2256 spectasse
606 2178 644 2236 ad
667 2180 787 2238 interna
809 2178 923 2238 ordinis
945 2179 1157 2256 Augustalium
1181 2181 1302 2256 negotia
1323 2179 1475 2255 gerenda,
1504 2181 1551 2242 Se·

427 2281 529 2340 cundo
552 2280 618 2339 loco
640 2278 795 2357 probabile
817 2284 863 2340 est
892 2300 927 2340 oa
948 2300 1008 2340 non
1031 2282 1124 2341 fuisse
1145 2282 1193 2340 ita'
1212 2283 1333 2360 gravia,
1362 2282 1416 2342 sed
1438 2283 1552 2345 honore

431 2401 497 2442 cum
518 2384 560 2442 eis
576 2383 735 2443 coniuncto
758 2384 833 2443 satis
855 2389 1057 2461 compensata.
1102 2385 1188 2443 Hanc
1211 2384 1502 2461 quinquennalitatis
1524 2387 1553 2445 et

431 2488 588 2545 curaturae
611 2514 654 2525 -
676 2489 709 2544 nt
725 2487 781 2545 hoe
796 2487 939 2546 continuo
957 2487 1066 2545 addam
1083 2487 1268 2546 -sevirum
1286 2492 1424 2547 naturam
1446 2507 1465 2546 a
1479 2489 1552 2548 sevi-

430 2593 497 2648 ratu
520 2588 585 2663 ipso
611 2606 737 2665 prorsus
768 2589 917 2647 diversam
947 2607 1052 2666 parum
1081 2594 1317 2666 perspexerunt,
1352 2591 1404 2665 qui
1437 2590 1476 2650 de
1508 2589 1554 2650 his
1583 2622 1586 2635 =

430 2689 519 2749 rebus
542 2690 697 2766 hucusque
720 2695 855 2767 egerunt.
865 2687 891 2762 ³)
935 2691 1029 2767 Atqui
1059 2692 1227 2751 invenimus
1259 2691 1409 2751 interdum
1434 2691 1553 2752 dedica·

430 2791 539 2852 tionem
569 2791 677 2851 factam
710 2793 749 2851 ob
777 2792 921 2852 honorem
955 2793 1247 2883 quinquennalitatip
1277 2791 1316 2865 (v.
1349 2812 1374 2853 c.
1397 2814 1425 2852 n.
1451 2797 1490 2855 16
1525 2797 1555 2854 ιι

430 2886 734 2970 ferramenta),
765 2893 818 2953 sed
842 2894 955 2954 decreti
978 2896 1172 2955 decurionum
1202 2895 1232 2954 in
1256 2896 1425 2955 huiusmodi
1457 2895 1554 2955 titulis

431 3014 593 3072 numquam
616 2995 648 3056 dt
669 2996 788 3055 mentio.
832 2997 937 3073 Itaque
968 2998 1039 3055 mihi
1069 3001 1206 3056 constare
1229 2997 1351 3056 videtur
1378 2998 1433 3057 has
1466 2997 1555 3074 quin·

432 3098 625 3178 quennalium
649 3097 854 3158 dedicationes
877 3098 967 3159 fuisse
997 3118 1077 3159 mere
1100 3101 1293 3158 voluntarias.
1332 3088 1385 3158 ¹Ad
1408 3101 1467 3159 hoc
1491 3100 1555 3176 ple·

430 3219 555 3277 rumque
577 3201 606 3258 in
629 3202 725 3276 ipsum
747 3201 959 3276 Augustalium
989 3202 1123 3261 ordinem
1153 3219 1205 3261 eos
1227 3201 1367 3261 benificia
1397 3219 1454 3262 sna
1483 3197 1555 3262 con·

430 3284 532 3362 tulisse
562 3302 740 3363 crediderim
774 3303 823 3371 (ci.
846 3322 874 3362 ιι.
893 3307 942 3363 13.
965 3305 1025 3371 32).
1076 3304 1144 3363 Alia
1177 3321 1302 3365 munera
1335 3305 1419 3363 velut
1449 3322 1556 3384 cenae,

430 3386 632 3464 honorarium*
644 3422 703 3464 uon
727 3410 1006 3465 commemorantur.

242 3519 363 3569 Detitn.
374 3528 412 3566 10.
517 3506 601 3580 Quae
624 3524 691 3566 cnm
713 3506 754 3566 ita
777 3507 852 3586 sint,
874 3506 1067 3567 vehomenter
1090 3507 1268 3566 admiremur
1291 3512 1410 3585 oportet
1437 3509 1468 3567 in
1491 3527 1554 3571 nno

429 3609 516 3668 titulo
540 3628 567 3668 ιι.
593 3612 632 3669 10
655 3611 756 3681 quinq.
773 3611 854 3682 Aup.
877 3628 933 3685 pro
957 3610 1062 3669 ordine
1085 3611 1155 3687 poni
1178 3609 1267 3686 plene
1290 3613 1324 3669 ut
1346 3611 1418 3670 alibi
1438 3611 1556 3671 saviros

430 3709 493 3783 (seu
517 3709 616 3784 Aaou).
668 3709 807 3769 Attamen
841 3716 1004 3788 propterea
1035 3716 1069 3771 ut
1105 3711 1245 3771 {iudcium
1278 3729 1346 3771 enm
1379 3712 1557 3791 indicemus,

429 3812 493 3872 fieri
517 3831 577 3871 non
599 3809 707 3889 potest.
750 3812 881 3871 Primum
898 3815 976 3872 enim
993 3815 1163 3873 continetur
1179 3813 1283 3872 codiee
1298 3813 1442 3893 Rediano,
1465 3816 1555 3875 cuins

428 3914 502 3974 fides
524 3919 569 3974 cst
590 3915 814 3991 spectatissima.
857 3915 975 3975 Deinde
999 3916 1191 3977 confirmatur
1220 3912 1388 3976 testimonio
1413 3919 1556 3998 'Porciae

515 4182 535 4244 ¹)
553 4196 580 4248 p.
594 4182 651 4232 316.

514 4266 676 4333 ῧμῶη

514 4351 536 4413 ³)
555 4349 631 4413 Quae
667 4347 838 4417 vituperatio
868 4347 913 4403 vel
949 4348 1065 4404 maxime
1101 4349 1177 4404 cadit
1210 4351 1240 4404 in
1274 4349 1443 4420 Herzogium
1484 4349 1503 4404 1.
1535 4350 1555 4408 l.

426 4437 594 4503 pifflm
