3180 5370
358 517 399 578 68

358 709 423 751 cum
439 692 573 767 'publicis
595 691 760 750 honoribus
784 689 999 750 excluderetur
1012 689 1050 767 ¹),
1064 708 1244 767 praeconem
1268 689 1388 766 quidem
1411 707 1483 748 eun·

358 794 485 870 demque
522 795 653 853 sevirum
691 794 833 852 habemus
880 794 909 851 in
947 794 991 852 111.
1022 793 1194 852 Trebulano
1231 794 1307 851 Mur.
1349 794 1422 867 756,
1452 795 1483 859 11.

358 898 434 956 Nam
458 898 509 972 qui
534 897 573 955 ibi
597 895 704 953 dicitur
726 897 898 968 apparitor.
924 895 957 952 X
971 896 1026 952 vir.
1050 913 1228 971 praeconem
1252 911 1318 953 esse
1343 895 1484 970 probavit

358 995 593 1069 Mommsennsfl)
638 999 733 1056 Etiam
755 998 868 1055 incolas
902 999 1014 1056 seviros
1046 1003 1161 1056 creatos
1194 1014 1276 1071 esse,
1313 996 1483 1073 complures

357 1101 435 1160 tituli
458 1107 559 1176 aperte
575 1103 732 1159 testantur.
743 1097 768 1170 ³)
798 1101 862 1158 Nec
878 1101 976 1158 minus
992 1100 1060 1157 inde
1076 1100 1133 1159 lroc
1150 1101 1294 1175 sequitur,
1317 1099 1398 1174 quod
1414 1117 1482 1174 per·

359 1205 441 1262 multi
464 1203 672 1276 inveniuntur,
697 1203 799 1278 quiin
823 1202 940 1261 duobus
963 1204 1011 1261 vel
1035 1203 1129 1260 tribus
1153 1202 1201 1260 vel
1224 1202 1320 1260 etiam
1337 1205 1482 1277 quattuor

359 1304 460 1377 (Hera.
493 1302 566 1375 183)
603 1305 720 1381 oppidis
758 1305 888 1362 seviratu
926 1304 1021 1363 l'nncti
1056 1305 1122 1362 sint.
1174 1304 1284 1363 Contra
1321 1305 1482 1362 seviratum

358 1408 470 1466 alieubi
507 1407 637 1482 legitime
670 1407 813 1481 gessisse,
861 1407 912 1482 qni
952 1408 981 1464 in
1020 1407 1179 1482 municipio
1209 1405 1390 1464 domicilium
1421 1425 1482 1464 non

360 1511 504 1569 haberent
527 1511 574 1568 vel
596 1509 665 1568 inde
689 1510 842 1585 abessent,
874 1509 956 1567 nulla
986 1510 1102 1568 ratione
1129 1510 1276 1584 probatur
1307 1526 1405 1583 neque
1428 1527 1483 1584 per

359 1631 389 1671 se
411 1613 507 1688 ipsum
532 1612 691 1670 verisimile
714 1618 767 1671 est.
811 1612 957 1670 Nimirum
981 1630 1018 1669 ne
1033 1611 1213 1669 Trimalchio
1237 1611 1357 1686 quidem
1379 1612 1482 1670 Petro-

358 1715 465 1772 nianus
489 1716 580 1773 iactat
611 1731 644 1772 se
673 1714 827 1772 absentem
851 1715 979 1772 sevirum
1010 1714 1118 1791 fluisse,
1156 1714 1208 1772 sed
1241 1713 1334 1771 solum
1366 1714 1483 1773 absenti
1526 1745 1529 1748 <

359 1817 519 1874 sevirstnm
543 1815 694 1874 decretum
719 1833 784 1874 esse
823 1820 863 1885 (v.
885 1833 977 1891 supra
1011 1819 1123 1891 1131).
1168 1817 1267 1891 Atque
1291 1834 1415 1873 munera
1437 1833 1483 1875 se·

359 1920 455 1977 virum
478 1920 585 1994 partim
609 1923 695 1977 erant
717 1919 870 1990 eiusmodi,
894 1936 971 1993 quae
995 1919 1050 1977 nisi
1067 1938 1085 1976 a
1100 1917 1306 1994 praesentibus
1321 1919 1483 1993 nequirent

358 2021 568 2080 administrari.
591 2021 793 2096 —Denique
817 2022 852 2096 ei,
876 2021 956 2096 apud
980 2005 1067 2095 quem
1092 2022 1212 2079 nomina
1235 2021 1348 2078 dabant
1371 2021 1481 2079 sevira-

359 2129 421 2181 tum
444 2124 583 2200 petituri,
619 2123 781 2182 videndum
805 2128 882 2200 erat,
910 2142 980 2181 num
1005 2124 1111 2198 opibus
1143 2142 1177 2182 eo
1208 2141 1302 2198 usque
1332 2122 1483 2200 florerent,

308 2297 310 2301 Α
359 2231 391 2284 ut
414 2226 586 2284 muneribus
611 2245 676 2284 curn
701 2226 814 2283 honore
848 2214 1015 2284 coniunctis
1049 2227 1107 2283 ritu
1141 2229 1264 2300 possent
1290 2226 1481 2300 respondere.

360 2327 450 2386 Cuius
473 2328 516 2387 rei
538 2322 680 2386 iudicium
704 2331 803 2386 utrum
825 2329 904 2385 illius
935 2328 1058 2386 arbitrio
1088 2326 1178 2385 fuerit
1211 2329 1404 2404 permissum,
1441 2347 1480 2386 an

359 2431 525 2507 posteriore
548 2429 652 2488 saltem
675 2433 772 2488 aetate
796 2436 896 2488 certus
919 2447 1027 2488 census
1043 2429 1222 2488 constitutus
1247 2431 1294 2506 sit,
1317 2449 1405 2505 quam
1429 2431 1482 2505 qui

359 2533 483 2591 haberet
506 2532 543 2590 ad
567 2533 727 2590 seviratum
759 2530 978 2606 suscipiendum
1009 2536 1087 2590 esset
1118 2532 1285 2608 obligatus,
1317 2550 1376 2591 non
1409 2534 1481 2590 satis

359 2640 482 2694 constat.
527 2634 640 2708 Quodsi
664 2652 751 2710 quem
771 2634 820 2691 'his
844 2634 1067 2693 condicionibus
1083 2635 1208 2710 putabat
1222 2653 1282 2693 non
1298 2634 1481 2708 satisfacere,

359 2739 423 2797 eins
455 2756 563 2797 nomen
593 2738 668 2796 Ilvir
698 2756 757 2795 non
781 2738 899 2814 accepit
921 2738 983 2795 sive
1007 2738 1081 2794 dixit
1111 2755 1142 2795 se
1166 2739 1229 2796 eius
1253 2739 1397 2796 rationem
1420 2756 1480 2796 non

224 2849 279 2926 ¹De
360 2858 425 2900 esse
449 2841 629 2899 habiturum.
674 2839 704 2898 Si
728 2845 843 2916 autem,
866 2839 903 2897 ad
927 2858 1014 2915 quem
1038 2841 1113 2898 diem
1137 2840 1285 2916 professio
1307 2839 1371 2898 fieri
1395 2858 1483 2916 opor-

155 2916 442 3033 ffiffiffllssbai
474 2943 584 3003 nullius
613 2943 731 3001 nomine
763 2946 814 3000 ant
844 2961 896 3000 sex
926 2943 1101 3018 pauciorum
1130 2942 1276 3017 professio
1305 2942 1386 3001 facta
1408 2947 1482 3019 erat,

360 3047 424 3104 sive
446 3064 498 3104 sex
521 3047 697 3121 pauciorum
721 3045 840 3103 nomina
863 3063 880 3102 a
903 3045 933 3103 11
963 3046 1028 3103 viro
1060 3048 1159 3103 essent
1190 3050 1330 3121 accepta,
1362 3049 1407 3103 tot
1429 3062 1481 3104 no-

359 3148 438 3206 mina
460 3167 580 3224 eornm,
609 3147 716 3223 quibus
749 3148 908 3206 seviratnm
932 3155 1035 3222 petere
1060 3165 1114 3223 per
1136 3148 1231 3222 legem
1255 3148 1375 3221 liceret,
1407 3152 1480 3224 quo't

359 3250 396 3309 ad
421 3269 575 3308 numerum
598 3251 709 3308 iustum
732 3249 940 3326 complendum
964 3249 1112 3326 deessent,
1134 3268 1170 3308 ex
1193 3250 1315 3308 arbitrio
1339 3251 1389 3308 ille
1412 3269 1480 3327 pro-

359 3353 493 3429 scripsit,
515 3354 556 3410 ita
579 3355 612 3410 ut
635 3353 670 3410 de
696 3354 788 3429 plano
811 3357 892 3411 recte
917 3353 976 3428 legi
998 3357 1130 3426 possent.
1174 3353 1250 3411 Tum
1276 3354 1333 3430 eis,
1364 3354 1415 3428 qui
1439 3354 1481 3410 ita

358 3454 517 3530 proscripti
539 3458 641 3530 erant,
671 3459 744 3529 puto
767 3454 880 3513 licitum
904 3453 1014 3530 fnisse,
1045 3454 1070 3511 si
1093 3455 1218 3528 vellent,
1249 3455 1329 3531 apud
1352 3451 1481 3512 llviruui

358 3557 484 3634 singulis
507 3556 641 3631 singulos
664 3556 796 3615 eiusdem
820 3555 1004 3615 condicionis
1028 3557 1194 3633 nominare,
1216 3556 1355 3631 idemque
1379 3552 1479 3615 nescio

358 3678 396 3716 an
419 3677 524 3717 rursus
547 3659 720 3733 permissum
746 3658 836 3716 fuerit
859 3659 917 3734 eis,
955 3650 1018 3733 qui'
1044 3658 1080 3716 ab
1113 3659 1173 3715 illis
1205 3662 1305 3717 essent
1328 3658 1481 3717 nominati.

359 3760 475 3819 Deinde
499 3761 536 3819 de
564 3760 609 3819 bis
640 3761 775 3819 omnibus
806 3761 881 3819 llvir
911 3760 1088 3819 decuriones
1123 3762 1257 3837 rogavit,
1290 3761 1414 3836 perinde
1445 3780 1481 3819 ac

358 3865 383 3922 si
407 3883 509 3922 eornm
534 3864 652 3922 nomine
684 3865 764 3922 intra
795 3864 870 3920 diem
900 3865 1107 3939 praestitutam
1138 3864 1175 3922 de
1205 3864 1318 3923 honore
1349 3864 1480 3938 petendo

358 3966 505 4043 professio
529 3967 607 4024 lacta
630 3971 707 4025 esset
738 3970 767 4024 et
789 3984 844 4024 sua
867 3943 973 4042 sponte
995 3970 1098 4042 petere
1122 3966 1300 4042 coepissent.
1345 3966 1405 4024 lam
1429 3967 1480 4041 qui

357 4088 375 4127 a
397 4069 608 4128 decurionibus
631 4067 716 4127 electi
740 4073 834 4144 erant,
856 4068 881 4126 si
903 4073 1066 4128 retrectare
1089 4070 1266 4144 pergebant,
1287 4069 1317 4126 vi
1334 4065 1481 4145 cogeban-

357 4176 407 4231 tur
430 4190 532 4237 eorum
556 4172 675 4231 decreto
699 4173 914 4247 obtemperare.

446 4337 466 4397 ¹)
484 4333 519 4386 cf.
538 4335 590 4401 leg.
608 4333 665 4386 Jul.
677 4343 758 4386 mun.
777 4349 803 4386 u.
819 4338 874 4386 104.
894 4333 950 4386 Cic.
969 4335 1004 4386 ad
1022 4331 1085 4386 iam.
1105 4338 1127 4399 6,
1151 4339 1187 4399 lS,
1210 4338 1229 4386 1.

442 4422 464 4485 “·’)
483 4420 517 4472 de
535 4418 722 4486 apparitorib,
742 4417 781 4470 rh.
800 4435 869 4472 mus.
888 4418 929 4472 Vl
947 4435 973 4486 p.
986 4424 1018 4472 45
1038 4417 1073 4472 cf.
1091 4435 1118 4486 p.
1133 4424 1173 4472 55.

442 4508 464 4571 ³)
482 4521 505 4560 c.
522 4521 550 4573 g.
569 4504 604 4573 11,
623 4509 697 4558 saer.
718 4508 791 4557 roro.
