3180 5370
1236 347 1341 449 oo¹

238 559 323 618 Hanc
346 558 409 618 fere
431 559 575 618 rationem
598 560 628 617 in
652 560 782 618 sevirum
799 538 949 618 creatione
964 578 1071 619 revera
1086 559 1274 619 observatam

154 681 218 722 esse
242 681 308 720 cum
338 681 372 721 eo
397 662 481 720 nobis
514 662 747 737 persuadeatur,
781 662 862 737 quod
893 662 922 720 in
952 662 1080 738 publicis
1110 662 1274 721 honoribus

153 764 323 824 deferendis
353 764 478 824 eandem
510 765 576 840 lege
607 767 799 839 praeceptam
829 763 921 822 fuisse
952 761 1173 839 accepimus¹):
1211 768 1273 822 tum

153 867 337 944 deprehendi
375 866 515 925 indicium
545 867 575 924 in
605 866 692 925 titulo
721 885 812 942 supra
843 867 965 926 laudato
989 868 1010 925 Ι.
1033 868 1071 925 N.
1094 870 1142 926 79.
1186 865 1274 938 ouon

60 1009 63 1012 »
152 969 230 1029 enim
253 969 292 1027 ibi
315 970 454 1044 legimus:
494 969 557 1026 Hoc
587 972 685 1026 nartem
711 970 827 1027 leonine
856 970 981 1028 relevati
1009 970 1145 1042 inpendio
1165 969 1273 1040 feei-

152 1073 223 1130 tc'nr
240 1073 463 1145 proritc'tnrt
485 1072 533 1147 hi,
556 1073 617 1144 ani
639 1073 685 1130 oct
706 1088 833 1130 mnnnr
857 1072 1153 1145 Anpnstntitntir
1176 1086 1273 1129 com-

102 1173 104 1176 ’
148 1175 359 1248 pellentur:
382 1175 449 1250 quis
472 1193 531 1233 nou
554 1174 656 1232 videat
678 1175 724 1233 his
747 1175 846 1233 verbis
868 1174 1019 1250 aptissime
1043 1172 1204 1250 significari
1227 1158 1272 1231 ra·

151 1279 260 1337 tionem
278 1295 389 1353 eorum,
412 1278 462 1353 qui
480 1276 617 1353 quamvis
633 1277 719 1336 inviti
740 1277 888 1336 seviratus
904 1277 1132 1335 candidatorum
1150 1293 1272 1334 numero

150 1379 305 1456 adscripti,
328 1384 425 1439 tamen
449 1380 560 1438 diutius
584 1398 643 1439 non
667 1383 830 1439 retractent
853 1397 950 1456 neque
975 1378 1012 1437 ad
1028 1379 1103 1437 alios
1127 1382 1273 1437 conentur

150 1500 259 1542 munus
289 1484 326 1541 ab
363 1482 434 1558 ipsis
454 1472 596 1541 ‘amotum
625 1474 776 1541 traicere?
821 1483 887 1555 Quo
918 1483 983 1540 loco
1013 1482 1083 1540 mihi
1105 1487 1272 1558 temperare
1291 1488 1387 1537 Similis
1399 1506 1460 1538 usus
1512 1501 1533 1514 ‘r

150 1604 282 1663 nequeo,
304 1586 375 1661 quin
399 1603 534 1644 moneam
557 1585 681 1644 rationis
703 1585 873 1662 persimilis,
897 1586 1027 1661 quaein
1051 1576 1271 1661 λειτουργίαὶς
1287 1559 1461 1675 Athbiigbses

148 1688 337 1765 imponendis
360 1688 440 1764 apud
463 1687 663 1746 Athenienses
687 1688 788 1746 valuit.
833 1688 875 1745 Ibi
900 1689 997 1762 enim,
1029 1688 1052 1745 si
1086 1687 1133 1745 cui
1162 1703 1269 1744 munus
1330 1694 1419 1742 valuit.

149 1790 306 1868 obtigerat,
330 1795 359 1849 et
381 1787 584 1849 arbitrabatur
612 1791 702 1849 alium
727 1767 877 1867 quendam
907 1809 961 1865 pro
991 1789 1180 1848 fortunarum
1210 1807 1293 1848 am-¹

148 1892 295 1970 plitudine
328 1893 438 1952 maiore
467 1893 531 1952 iure
561 1893 598 1950 ad
628 1892 701 1951 illud
738 1911 803 1952 esse
835 1891 1092 1969 compellendum,
1129 1892 1157 1950 ci
1186 1890 1269 1949 licuit

148 1996 313 2072 postulare,
336 1999 369 2054 ut
390 1995 446 2055 iste
468 2013 530 2054 rem
553 1994 845 2054 familiarem'seoum
861 1998 1071 2053 commutaret:
1108 1992 1174 2067 Quo
1191 1992 1270 2052 facto

149 2114 257 2158 caussa
280 2097 318 2156 ad
340 2096 456 2156 iudices
480 2098 580 2156 delata
603 2101 632 2156 et
655 2099 692 2156 ab
716 2097 758 2156 eis
782 2076 943 2156 diiudicata
967 2092 1044 2166 cst²l

234 2201 372 2278 Amplius
395 2200 522 2259 fortasse
546 2218 609 2259 mos
632 2203 704 2275 erat,
727 2206 760 2259 ut
783 2201 893 2259 creatio
917 2219 934 2258 a
957 2199 1166 2259 decurionibus
1189 2194 1268 2256 facta
1354 2223 1394 2269 De

147 2304 178 2362 in
202 2304 326 2396 comitiis
349 2303 575 2363 renuntiaretur
598 2307 628 2362 et
650 2303 753 2380 populi
776 2303 989 2361 acclamatione
1019 2282 1457 2420 ⁰⁰¹¹¹p¹'⁰b³r³t¹¹‘'siffiigtiaiiiii

61 2455 63 2459 1
148 2405 233 2478 Quae
256 2406 430 2465 coniectura
453 2407 589 2481 quamvis
620 2406 805 2465 documentis
839 2407 990 2482 expressis
1021 2408 1138 2481 careat,
1168 2406 1267 2462 tamen

90 2491 93 2497 ’
127 2491 189 2566 7616
212 2508 306 2590 titulis
329 2509 430 2584 aliqua
454 2510 568 2567 ratione
592 2507 769 2585 defenditur,
794 2509 844 2584 qui
859 2509 1021 2567 seviratum
1037 2507 1198 2582 gratuitum
1215 2523 1270 2563 nec

147 2629 206 2669 non
229 2610 374 2670 honorem
397 2611 504 2670 bisellii
527 2615 579 2670 aut
603 2617 777 2671 ornamenta
792 2611 997 2669 decurionalia
1013 2616 1065 2667 aut
1080 2611 1269 2685 patronatum

99 2789 103 2797 Ι
144 2713 296 2786 suffronio
314 2715 426 2786 populi
447 2715 497 2772 vel
513 2714 715 2797 consentiente
733 2715 850 2786 popolo
867 2713 978 2771 tributa
994 2730 1059 2771 esse
1077 2706 1268 2782 enuntianti)

145 2814 257 2889 Utique
279 2820 378 2874 autem
404 2817 477 2875 haee
501 2815 688 2874 comitiorum
713 2815 887 2891 suffragatio
916 2833 975 2873 non
999 2815 1097 2889 magni
1122 2816 1187 2873 erat
1210 2832 1268 2871 mo·

144 2919 245 2994 menti,
269 2917 321 2977 sed
345 2937 400 2994 pro
423 2937 505 2979 mera
528 2919 708 2978 caerimonia
731 2918 871 2976 habenda
894 2914 978 2989 eset)

231 3018 326 3091 Quem
349 3021 526 3081 decuriones
549 3022 693 3097 singulari
715 3020 829 3080 honore
852 3021 992 3079 volebant
1016 3018 1135 3078 afficere
1143 3063 1151 3094 ,
1174 3018 1200 3077 ei
1224 3034 1268 3076 sc·

47 3134 50 3139 ⁴
148 3122 276 3181 viratum
299 3125 429 3199 gratuito
453 3123 636 3183 deferebant.
681 3122 748 3194 Qua
770 3125 800 3181 in
823 3142 855 3181 re
872 3122 1000 3181 dubitari
1016 3125 1123 3199 potest,
1146 3122 1268 3197 quibus·

73 3256 77 3263 ι
145 3243 213 3283 nam
237 3226 409 3285 muneribus
433 3227 522 3285 sevini
546 3227 587 3284 ita
611 3227 747 3285 honorati
772 3225 886 3285 liberati
902 3226 969 3284 sint.
1013 3225 1159 3307 Equidem
1182 3227 1267 3300 puta-

143 3328 238 3386 verim
261 3329 441 3404 plerumque
464 3330 506 3388 eis
528 3347 589 3388 non
612 3348 678 3389 esse
700 3328 851 3388 remissam
875 3328 931 3386 nisi
961 3328 1117 3403 pecuniam
1140 3327 1267 3384 honora-

145 3429 229 3489 riam.
274 3431 331 3493 Sed
355 3430 392 3489 de
416 3431 473 3491 hac
493 3451 525 3490 re
540 3431 620 3504 infra
636 3431 738 3508 paullo
755 3431 849 3490 fusius
865 3450 960 3506 agam.
1004 3432 1070 3489 Hoc
1085 3431 1150 3488 loco
1167 3432 1268 3504 restat,

144 3539 178 3590 ut
214 3533 251 3592 de
282 3534 489 3593 adlectione
520 3535 648 3593 sevirum
680 3540 709 3594 et
736 3532 773 3593 de
806 3532 1029 3593 ornamentis
1053 3530 1267 3607 Augustali·

143 3635 237 3694 tatis
274 3635 471 3695 decurionum
508 3636 631 3696 decreto
669 3637 786 3696 collatis
824 3654 902 3712 quae
939 3635 1096 3711 explorata
1133 3634 1267 3709 habeam,

142 3737 275 3796 adiciam.

232 3936 253 4000 ¹)
270 3936 337 4002 Leg.
357 3934 453 3988 Malao.
472 3951 495 3988 6.
514 3935 560 3988 Ll.
580 3936 636 3990 tab.
655 3935 682 4002 1,
702 3939 792 3988 1--25,

227 4021 250 4085 ²)
268 4020 301 4073 61,
321 4017 427 4086 Βϋ6111,
452 4020 662 4074 Statshaushalt
680 4021 705 4089 l,
725 4025 774 4074 1111
786 4037 822 4075 ss.
858 4019 1023 4086 Schb'mann,
1046 4035 1086 4086 gr.
1106 4016 1228 4072 Altertii.
1247 4019 1268 4085 I,

142 4108 235 4157 4”“1.1
272 4146 278 4157 .

165 4125 171 4158 ⁸
227 4110 303 4255 31061.
328 4190 498 4245 1166166.
524 4194 599 4244 aare.
625 4196 700 4246 aare.
724 4191 759 4259 V,
780 4196 854 4245 soon.
872 4191 892 4243 1.
911 4190 943 4244 N.
962 4195 1029 4243 eaeo
1053 4188 1089 4244 cs.
1115 4190 1167 4258 leg.
1192 4204 1266 4242 mun.

141 4275 261 4330 Malacit.
279 4293 300 4330 c.
315 4276 386 4330 LXI.

132 4348 142 4359 ⁸
226 4365 248 4428 ⁴)
266 4360 396 4415 Similiter
414 4363 601 4418 Mommsenus
619 4361 656 4417 ad
678 4362 711 4416 V.
732 4366 807 4416 56110.
