<?xml version="1.0" encoding="UTF-8"?>
<!DOCTYPE html PUBLIC "-//W3C//DTD XHTML 1.0 Transitional//EN"
    "http://www.w3.org/TR/xhtml1/DTD/xhtml1-transitional.dtd">
<html xmlns="http://www.w3.org/1999/xhtml" xml:lang="en" lang="en">
 <head>
  <title>
</title>
<meta http-equiv="Content-Type" content="text/html;charset=utf-8" />
  <meta name='ocr-system' content='tesseract 3.04.00' />
  <meta name='ocr-capabilities' content='ocr_page ocr_carea ocr_par ocr_line ocrx_word'/>
</head>
<body>
  <div class='ocr_page' id='page_1' title='image "./desevirisaugust00schmgoog_0149.png"; bbox 0 0 3180 5370; ppageno 0'>
   <div class='ocr_carea' id='block_1_1' title="bbox 1097 408 1191 475">
    <p class='ocr_par' dir='ltr' id='par_1_1' title="bbox 1097 408 1191 475">
     <span class='ocr_line' id='line_1_1' title="bbox 1097 408 1191 475; baseline 0.021 -3"><span class='ocrx_word' id='word_1_1' title='bbox 1097 408 1105 422; x_wconf 87' lang='lat'>&#39;</span> <span class='ocrx_word' id='word_1_2' title='bbox 1132 411 1191 475; x_wconf 77' lang='lat'><strong>123</strong></span> 
     </span>
    </p>
   </div>
   <div class='ocr_carea' id='block_1_2' title="bbox 67 584 1191 1486">
    <p class='ocr_par' dir='ltr' id='par_1_2' title="bbox 67 584 1191 1486">
     <span class='ocr_line' id='line_1_2' title="bbox 68 584 1191 663; baseline -0.002 -19"><span class='ocrx_word' id='word_1_3' title='bbox 68 585 231 663; x_wconf 85' lang='lat' dir='ltr'><strong>provinciis</strong></span> <span class='ocrx_word' id='word_1_4' title='bbox 252 586 399 647; x_wconf 88' lang='lat' dir='ltr'><strong>nominem</strong></span> <span class='ocrx_word' id='word_1_5' title='bbox 422 586 543 646; x_wconf 91' lang='lat' dir='ltr'><strong>omniuo</strong></span> <span class='ocrx_word' id='word_1_6' title='bbox 565 587 726 662; x_wconf 89' lang='lat' dir='ltr'><strong>ingenuum</strong></span> <span class='ocrx_word' id='word_1_7' title='bbox 748 587 827 645; x_wconf 83' lang='lat' dir='ltr'><strong>iuter</strong></span> <span class='ocrx_word' id='word_1_8' title='bbox 849 585 1034 662; x_wconf 82' lang='lat' dir='ltr'><strong>Augustales</strong></span> <span class='ocrx_word' id='word_1_9' title='bbox 1055 584 1191 644; x_wconf 83' lang='lat' dir='ltr'><strong>inveniri.</strong></span> 
     </span>
     <span class='ocr_line' id='line_1_3' title="bbox 68 671 1190 770; baseline 0.002 -23"><span class='ocrx_word' id='word_1_10' title='bbox 68 689 175 764; x_wconf 87' lang='lat' dir='ltr'><strong>Itaque</strong></span> <span class='ocrx_word' id='word_1_11' title='bbox 196 690 261 765; x_wconf 88' lang='lat' dir='ltr'><strong>ipse</strong></span> <span class='ocrx_word' id='word_1_12' title='bbox 284 707 406 765; x_wconf 90' lang='lat' dir='ltr'><strong>quoque</strong></span> <span class='ocrx_word' id='word_1_13' title='bbox 430 688 641 765; x_wconf 85' lang='lat' dir='ltr'><strong>Marquardtus</strong></span> <span class='ocrx_word' id='word_1_14' title='bbox 669 691 699 770; x_wconf 84' lang='lat' dir='ltr'><strong>iu</strong></span> <span class='ocrx_word' id='word_1_15' title='bbox 724 671 966 749; x_wconf 32' lang='lat' dir='ltr'><strong>novissima‘sua</strong></span> <span class='ocrx_word' id='word_1_16' title='bbox 988 689 1077 749; x_wconf 90' lang='lat' dir='ltr'><strong>huius</strong></span> <span class='ocrx_word' id='word_1_17' title='bbox 1100 708 1190 766; x_wconf 90' lang='lat' dir='ltr'><strong>quae·</strong></span> 
     </span>
     <span class='ocr_line' id='line_1_4' title="bbox 68 789 1190 868; baseline -0.001 -18"><span class='ocrx_word' id='word_1_18' title='bbox 68 793 181 861; x_wconf 58' lang='lat' dir='ltr'><strong>ationis,</strong></span> <span class='ocrx_word' id='word_1_19' title='bbox 196 793 405 852; x_wconf 80' lang='lat' dir='ltr'><strong>retractatione</strong></span> <span class='ocrx_word' id='word_1_20' title='bbox 428 792 458 850; x_wconf 92' lang='lat' dir='ltr'><strong>in</strong></span> <span class='ocrx_word' id='word_1_21' title='bbox 481 791 537 851; x_wconf 89' lang='lat' dir='ltr'><strong>hac</strong></span> <span class='ocrx_word' id='word_1_22' title='bbox 559 792 663 852; x_wconf 85' lang='lat' dir='ltr'><strong>saltem</strong></span> <span class='ocrx_word' id='word_1_23' title='bbox 688 792 1002 854; x_wconf 76' lang='lat' dir='ltr'><strong>dubitatione&#39;merito</strong></span> <span class='ocrx_word' id='word_1_24' title='bbox 1024 789 1190 868; x_wconf 84' lang='lat' dir='ltr'><strong>perstitit.¹)</strong></span> 
     </span>
     <span class='ocr_line' id='line_1_5' title="bbox 86 889 1190 970; baseline -0.001 -16"><span class='ocrx_word' id='word_1_25' title='bbox 86 932 88 937; x_wconf 93' lang='lat'>-</span> <span class='ocrx_word' id='word_1_26' title='bbox 154 894 270 954; x_wconf 79' lang='lat' dir='ltr'><strong>Deinde</strong></span> <span class='ocrx_word' id='word_1_27' title='bbox 294 892 439 953; x_wconf 81' lang='lat' dir='ltr'>sodalium</span> <span class='ocrx_word' id='word_1_28' title='bbox 462 895 629 954; x_wconf 88' lang='lat' dir='ltr'><strong>sacerdotia</strong></span> <span class='ocrx_word' id='word_1_29' title='bbox 650 899 684 954; x_wconf 92' lang='lat' dir='ltr'><strong>ut</strong></span> <span class='ocrx_word' id='word_1_30' title='bbox 706 889 826 955; x_wconf 84' lang='lat' dir='ltr'><strong>omuino</strong></span> <span class='ocrx_word' id='word_1_31' title='bbox 855 900 885 955; x_wconf 88' lang='lat' dir='ltr'><strong>ct</strong></span> <span class='ocrx_word' id='word_1_32' title='bbox 907 896 945 955; x_wconf 89' lang='lat' dir='ltr'><strong>ab</strong></span> <span class='ocrx_word' id='word_1_33' title='bbox 968 889 1082 963; x_wconf 74' lang='lat' dir='ltr'><strong>initi0‘2)</strong></span> <span class='ocrx_word' id='word_1_34' title='bbox 1106 910 1190 970; x_wconf 90' lang='lat' dir='ltr'><strong>spec·</strong></span> 
     </span>
     <span class='ocr_line' id='line_1_6' title="bbox 69 975 1190 1072; baseline -0.002 -15"><span class='ocrx_word' id='word_1_35' title='bbox 69 1002 135 1057; x_wconf 89' lang='lat' dir='ltr'><strong>tant</strong></span> <span class='ocrx_word' id='word_1_36' title='bbox 157 995 195 1056; x_wconf 87' lang='lat' dir='ltr'><strong>ad</strong></span> <span class='ocrx_word' id='word_1_37' title='bbox 220 997 355 1057; x_wconf 90' lang='lat' dir='ltr'><strong>homines</strong></span> <span class='ocrx_word' id='word_1_38' title='bbox 377 1001 591 1072; x_wconf 88' lang='lat' dir='ltr'><strong>postmortem</strong></span> <span class='ocrx_word' id='word_1_39' title='bbox 622 1001 815 1058; x_wconf 86' lang='lat' dir='ltr'><strong>consecratus</strong></span> <span class='ocrx_word' id='word_1_40' title='bbox 838 998 919 1057; x_wconf 87' lang='lat' dir='ltr'><strong>etin</strong></span> <span class='ocrx_word' id='word_1_41' title='bbox 942 975 1065 1057; x_wconf 73' lang='lat' dir='ltr'><strong>deordm</strong></span> <span class='ocrx_word' id='word_1_42' title='bbox 1088 1014 1190 1056; x_wconf 87' lang='lat' dir='ltr'><strong>nume-</strong></span> 
     </span>
     <span class='ocr_line' id='line_1_7' title="bbox 68 1097 1190 1177; baseline 0.001 -19"><span class='ocrx_word' id='word_1_43' title='bbox 68 1117 135 1159; x_wconf 89' lang='lat' dir='ltr'><strong>rum</strong></span> <span class='ocrx_word' id='word_1_44' title='bbox 158 1099 285 1177; x_wconf 80' lang='lat' dir='ltr'><strong>relutos,</strong></span> <span class='ocrx_word' id='word_1_45' title='bbox 314 1099 355 1158; x_wconf 90' lang='lat' dir='ltr'><strong>ita</strong></span> <span class='ocrx_word' id='word_1_46' title='bbox 376 1099 607 1175; x_wconf 77' lang='lat' dir='ltr'><strong>imperatoribus</strong></span> <span class='ocrx_word' id='word_1_47' title='bbox 638 1119 760 1177; x_wconf 89' lang='lat' dir='ltr'><strong>quoque</strong></span> <span class='ocrx_word' id='word_1_48' title='bbox 782 1099 902 1160; x_wconf 90' lang='lat' dir='ltr'><strong>sodales</strong></span> <span class='ocrx_word' id='word_1_49' title='bbox 924 1117 1084 1176; x_wconf 89' lang='lat' dir='ltr'><strong>numquam</strong></span> <span class='ocrx_word' id='word_1_50' title='bbox 1108 1097 1190 1159; x_wconf 87' lang='lat' dir='ltr'><strong>vide·</strong></span> 
     </span>
     <span class='ocr_line' id='line_1_8' title="bbox 69 1201 1191 1281; baseline 0.001 -20"><span class='ocrx_word' id='word_1_51' title='bbox 69 1220 135 1263; x_wconf 91' lang='lat' dir='ltr'><strong>mus</strong></span> <span class='ocrx_word' id='word_1_52' title='bbox 157 1203 269 1262; x_wconf 88' lang='lat' dir='ltr'><strong>institui</strong></span> <span class='ocrx_word' id='word_1_53' title='bbox 301 1203 359 1261; x_wconf 89' lang='lat' dir='ltr'><strong>nisi</strong></span> <span class='ocrx_word' id='word_1_54' title='bbox 387 1202 536 1263; x_wconf 85' lang='lat' dir='ltr'><strong>defunctis</strong></span> <span class='ocrx_word' id='word_1_55' title='bbox 558 1207 649 1280; x_wconf 89' lang='lat' dir='ltr'><strong>atque</strong></span> <span class='ocrx_word' id='word_1_56' title='bbox 676 1204 734 1263; x_wconf 90' lang='lat' dir='ltr'><strong>rite</strong></span> <span class='ocrx_word' id='word_1_57' title='bbox 765 1201 957 1264; x_wconf 89' lang='lat' dir='ltr'><strong>consecratis.</strong></span> <span class='ocrx_word' id='word_1_58' title='bbox 1002 1202 1114 1262; x_wconf 84' lang='lat' dir='ltr'><strong>(lontra</strong></span> <span class='ocrx_word' id='word_1_59' title='bbox 1135 1220 1191 1281; x_wconf 87' lang='lat' dir='ltr'><strong>per</strong></span> 
     </span>
     <span class='ocr_line' id='line_1_9' title="bbox 68 1304 1189 1382; baseline -0.001 -17"><span class='ocrx_word' id='word_1_60' title='bbox 68 1305 182 1365; x_wconf 86' lang='lat' dir='ltr'><strong>seviros</strong></span> <span class='ocrx_word' id='word_1_61' title='bbox 204 1304 388 1382; x_wconf 73' lang='lat' dir='ltr'><strong>Augustales</strong></span> <span class='ocrx_word' id='word_1_62' title='bbox 409 1306 605 1381; x_wconf 85' lang='lat' dir='ltr'><strong>imperatores</strong></span> <span class='ocrx_word' id='word_1_63' title='bbox 628 1306 685 1364; x_wconf 83' lang='lat' dir='ltr'><strong>iam</strong></span> <span class='ocrx_word' id='word_1_64' title='bbox 707 1306 793 1365; x_wconf 83' lang='lat' dir='ltr'><strong>vivos</strong></span> <span class='ocrx_word' id='word_1_65' title='bbox 816 1304 978 1366; x_wconf 88' lang='lat' dir='ltr'><strong>honoratos</strong></span> <span class='ocrx_word' id='word_1_66' title='bbox 1000 1323 1064 1365; x_wconf 87' lang='lat' dir='ltr'><strong>esse</strong></span> <span class='ocrx_word' id='word_1_67' title='bbox 1087 1304 1189 1365; x_wconf 86' lang='lat' dir='ltr'><strong>firmis-</strong></span> 
     </span>
     <span class='ocr_line' id='line_1_10' title="bbox 67 1407 1190 1486; baseline 0.001 -19"><span class='ocrx_word' id='word_1_68' title='bbox 67 1408 141 1473; x_wconf 83' lang='lat' dir='ltr'><strong>sime</strong></span> <span class='ocrx_word' id='word_1_69' title='bbox 170 1408 278 1484; x_wconf 87' lang='lat' dir='ltr'><strong>probat</strong></span> <span class='ocrx_word' id='word_1_70' title='bbox 306 1408 412 1468; x_wconf 90' lang='lat' dir='ltr'><strong>titulus</strong></span> <span class='ocrx_word' id='word_1_71' title='bbox 440 1407 622 1469; x_wconf 89' lang='lat' dir='ltr'><strong>Veronensis</strong></span> <span class='ocrx_word' id='word_1_72' title='bbox 645 1410 680 1486; x_wconf 87' lang='lat' dir='ltr'><strong>V,</strong></span> <span class='ocrx_word' id='word_1_73' title='bbox 709 1411 809 1485; x_wconf 82' lang='lat'><strong>3429,</strong></span> <span class='ocrx_word' id='word_1_74' title='bbox 845 1409 875 1469; x_wconf 89' lang='lat' dir='ltr'><strong>iu</strong></span> <span class='ocrx_word' id='word_1_75' title='bbox 906 1426 965 1484; x_wconf 91' lang='lat' dir='ltr'><strong>quo</strong></span> <span class='ocrx_word' id='word_1_76' title='bbox 996 1408 1031 1467; x_wconf 90' lang='lat' dir='ltr'><strong>L.</strong></span> <span class='ocrx_word' id='word_1_77' title='bbox 1061 1407 1190 1469; x_wconf 85' lang='lat' dir='ltr'><strong>Stlauius</strong></span> 
     </span>
    </p>
   </div>
   <div class='ocr_carea' id='block_1_3' title="bbox 66 1613 1190 3849">
    <p class='ocr_par' dir='ltr' id='par_1_3' title="bbox 67 1613 1190 1991">
     <span class='ocr_line' id='line_1_11' title="bbox 68 1613 1190 1692; baseline 0.001 -21"><span class='ocrx_word' id='word_1_78' title='bbox 68 1613 141 1688; x_wconf 90' lang='lat' dir='ltr'><strong>quin</strong></span> <span class='ocrx_word' id='word_1_79' title='bbox 164 1613 295 1689; x_wconf 89' lang='lat' dir='ltr'><strong>scriptus</strong></span> <span class='ocrx_word' id='word_1_80' title='bbox 324 1614 363 1672; x_wconf 90' lang='lat' dir='ltr'><strong>sit</strong></span> <span class='ocrx_word' id='word_1_81' title='bbox 389 1615 557 1690; x_wconf 88' lang='lat' dir='ltr'><strong>imperante</strong></span> <span class='ocrx_word' id='word_1_82' title='bbox 578 1615 700 1676; x_wconf 82' lang='lat' dir='ltr'><strong>Nerone</strong></span> <span class='ocrx_word' id='word_1_83' title='bbox 737 1633 793 1692; x_wconf 92' lang='lat' dir='ltr'><strong>per</strong></span> <span class='ocrx_word' id='word_1_84' title='bbox 822 1631 855 1674; x_wconf 91' lang='lat' dir='ltr'><strong>se</strong></span> <span class='ocrx_word' id='word_1_85' title='bbox 885 1632 944 1673; x_wconf 90' lang='lat' dir='ltr'><strong>non</strong></span> <span class='ocrx_word' id='word_1_86' title='bbox 975 1619 1021 1672; x_wconf 84' lang='lat' dir='ltr'><strong>est</strong></span> <span class='ocrx_word' id='word_1_87' title='bbox 1052 1613 1190 1690; x_wconf 75' lang='lat' dir='ltr'><strong>dubium3</strong></span> 
     </span>
     <span class='ocr_line' id='line_1_12' title="bbox 68 1715 1189 1793; baseline 0.001 -19"><span class='ocrx_word' id='word_1_88' title='bbox 68 1732 166 1791; x_wconf 86' lang='lat' dir='ltr'><strong>neque</strong></span> <span class='ocrx_word' id='word_1_89' title='bbox 188 1715 294 1791; x_wconf 87' lang='lat' dir='ltr'><strong>obstat,</strong></span> <span class='ocrx_word' id='word_1_90' title='bbox 316 1721 350 1775; x_wconf 91' lang='lat' dir='ltr'><strong>ut</strong></span> <span class='ocrx_word' id='word_1_91' title='bbox 374 1718 573 1777; x_wconf 85' lang='lat' dir='ltr'><strong>Mommsenus</strong></span> <span class='ocrx_word' id='word_1_92' title='bbox 595 1718 727 1791; x_wconf 82' lang='lat' dir='ltr'><strong>adnotat,</strong></span> <span class='ocrx_word' id='word_1_93' title='bbox 750 1718 928 1793; x_wconf 87' lang='lat' dir='ltr'><strong>litteratura,</strong></span> <span class='ocrx_word' id='word_1_94' title='bbox 951 1734 1029 1793; x_wconf 90' lang='lat' dir='ltr'><strong>quae</strong></span> <span class='ocrx_word' id='word_1_95' title='bbox 1050 1716 1189 1792; x_wconf 92' lang='lat' dir='ltr'><strong>pulcher·</strong></span> 
     </span>
     <span class='ocr_line' id='line_1_13' title="bbox 67 1818 1189 1898; baseline 0.001 -21"><span class='ocrx_word' id='word_1_96' title='bbox 67 1819 142 1877; x_wconf 87' lang='lat' dir='ltr'><strong>rima</strong></span> <span class='ocrx_word' id='word_1_97' title='bbox 165 1823 235 1877; x_wconf 86' lang='lat' dir='ltr'><strong>est·</strong></span> <span class='ocrx_word' id='word_1_98' title='bbox 262 1818 349 1878; x_wconf 85' lang='lat' dir='ltr'><strong>Unde</strong></span> <span class='ocrx_word' id='word_1_99' title='bbox 372 1821 440 1895; x_wconf 88' lang='lat' dir='ltr'><strong>quis</strong></span> <span class='ocrx_word' id='word_1_100' title='bbox 464 1820 538 1880; x_wconf 91' lang='lat' dir='ltr'><strong>nolit</strong></span> <span class='ocrx_word' id='word_1_101' title='bbox 560 1820 715 1898; x_wconf 87' lang='lat' dir='ltr'><strong>colligere,</strong></span> <span class='ocrx_word' id='word_1_102' title='bbox 737 1821 844 1879; x_wconf 85' lang='lat' dir='ltr'><strong>seviris</strong></span> <span class='ocrx_word' id='word_1_103' title='bbox 866 1838 934 1878; x_wconf 87' lang='lat' dir='ltr'><strong>oum</strong></span> <span class='ocrx_word' id='word_1_104' title='bbox 949 1818 1104 1879; x_wconf 80' lang='lat' dir='ltr'><strong>sodalibus</strong></span> <span class='ocrx_word' id='word_1_105' title='bbox 1125 1819 1189 1879; x_wconf 90' lang='lat' dir='ltr'><strong>uul-</strong></span> 
     </span>
     <span class='ocr_line' id='line_1_14' title="bbox 67 1908 982 1991; baseline 0.008 -13"><span class='ocrx_word' id='word_1_106' title='bbox 67 1920 125 1979; x_wconf 92' lang='lat' dir='ltr'><strong>lam</strong></span> <span class='ocrx_word' id='word_1_107' title='bbox 149 1920 335 1991; x_wconf 78' lang='lat' dir='ltr'><strong>intercedere</strong></span> <span class='ocrx_word' id='word_1_108' title='bbox 357 1922 635 1983; x_wconf 80' lang='lat' dir='ltr'><strong>uecessitudinem?</strong></span> <span class='ocrx_word' id='word_1_109' title='bbox 979 1908 982 1912; x_wconf 9' lang='grc' dir='ltr'><strong>λ</strong></span> 
     </span>
    </p>

    <p class='ocr_par' dir='ltr' id='par_1_4' title="bbox 67 2020 1190 2410">
     <span class='ocr_line' id='line_1_15' title="bbox 153 2020 1189 2097; baseline 0.002 -17"><span class='ocrx_word' id='word_1_110' title='bbox 153 2022 229 2081; x_wconf 81' lang='lat' dir='ltr'><strong>Tum</strong></span> <span class='ocrx_word' id='word_1_111' title='bbox 260 2024 382 2083; x_wconf 89' lang='lat' dir='ltr'><strong>Nervae</strong></span> <span class='ocrx_word' id='word_1_112' title='bbox 418 2024 535 2085; x_wconf 84' lang='lat' dir='ltr'><strong>sodales</strong></span> <span class='ocrx_word' id='word_1_113' title='bbox 571 2043 632 2089; x_wconf 88' lang='lat' dir='ltr'><strong>non</strong></span> <span class='ocrx_word' id='word_1_114' title='bbox 668 2043 734 2085; x_wconf 90' lang='lat' dir='ltr'><strong>esse</strong></span> <span class='ocrx_word' id='word_1_115' title='bbox 772 2023 927 2083; x_wconf 89' lang='lat' dir='ltr'><strong>dedicatos</strong></span> <span class='ocrx_word' id='word_1_116' title='bbox 963 2028 1066 2082; x_wconf 90' lang='lat' dir='ltr'><strong>uotum</strong></span> <span class='ocrx_word' id='word_1_117' title='bbox 1103 2020 1189 2097; x_wconf 65' lang='lat' dir='ltr'><strong>esti)</strong></span> 
     </span>
     <span class='ocr_line' id='line_1_16' title="bbox 67 2125 1189 2188; baseline 0 -2"><span class='ocrx_word' id='word_1_118' title='bbox 67 2125 170 2186; x_wconf 89' lang='lat' dir='ltr'><strong>Nihilo</strong></span> <span class='ocrx_word' id='word_1_119' title='bbox 193 2130 291 2184; x_wconf 88' lang='lat' dir='ltr'><strong>tamen</strong></span> <span class='ocrx_word' id='word_1_120' title='bbox 314 2128 407 2186; x_wconf 89' lang='lat' dir='ltr'><strong>setius</strong></span> <span class='ocrx_word' id='word_1_121' title='bbox 430 2128 521 2187; x_wconf 89' lang='lat' dir='ltr'><strong>seviri</strong></span> <span class='ocrx_word' id='word_1_122' title='bbox 544 2128 680 2188; x_wconf 89' lang='lat' dir='ltr'><strong>stillum</strong></span> <span class='ocrx_word' id='word_1_123' title='bbox 702 2126 868 2188; x_wconf 80' lang='lat' dir='ltr'><strong>coluerunt</strong></span> <span class='ocrx_word' id='word_1_124' title='bbox 913 2125 1004 2187; x_wconf 80' lang='lat' dir='ltr'><strong>Cuius</strong></span> <span class='ocrx_word' id='word_1_125' title='bbox 1033 2127 1077 2186; x_wconf 91' lang='lat' dir='ltr'><strong>rei</strong></span> <span class='ocrx_word' id='word_1_126' title='bbox 1098 2130 1189 2186; x_wconf 88' lang='lat' dir='ltr'><strong>testes</strong></span> 
     </span>
     <span class='ocr_line' id='line_1_17' title="bbox 67 2227 1190 2307; baseline 0.003 -21"><span class='ocrx_word' id='word_1_127' title='bbox 67 2231 137 2287; x_wconf 89' lang='lat' dir='ltr'><strong>sunt</strong></span> <span class='ocrx_word' id='word_1_128' title='bbox 160 2227 238 2287; x_wconf 89' lang='lat' dir='ltr'><strong>tituli</strong></span> <span class='ocrx_word' id='word_1_129' title='bbox 260 2228 314 2304; x_wconf 85' lang='lat' dir='ltr'><strong>Ill,</strong></span> <span class='ocrx_word' id='word_1_130' title='bbox 339 2232 419 2290; x_wconf 83' lang='grc'><strong>1768</strong></span> <span class='ocrx_word' id='word_1_131' title='bbox 443 2235 472 2290; x_wconf 90' lang='lat' dir='ltr'><strong>et</strong></span> <span class='ocrx_word' id='word_1_132' title='bbox 496 2233 577 2291; x_wconf 81' lang='lat'>1835</span> <span class='ocrx_word' id='word_1_133' title='bbox 601 2232 631 2291; x_wconf 91' lang='lat' dir='ltr'><strong>in</strong></span> <span class='ocrx_word' id='word_1_134' title='bbox 656 2250 685 2307; x_wconf 86' lang='lat' dir='ltr'><strong>p.</strong></span> <span class='ocrx_word' id='word_1_135' title='bbox 709 2234 747 2291; x_wconf 86' lang='grc'><strong>61</strong></span> <span class='ocrx_word' id='word_1_136' title='bbox 771 2229 969 2306; x_wconf 88' lang='lat' dir='ltr'><strong>transscripti.</strong></span> <span class='ocrx_word' id='word_1_137' title='bbox 1020 2229 1107 2290; x_wconf 90' lang='lat' dir='ltr'><strong>Unde</strong></span> <span class='ocrx_word' id='word_1_138' title='bbox 1129 2248 1190 2289; x_wconf 90' lang='lat' dir='ltr'><strong>nen</strong></span> 
     </span>
     <span class='ocr_line' id='line_1_18' title="bbox 67 2329 1044 2410; baseline 0.002 -20"><span class='ocrx_word' id='word_1_139' title='bbox 67 2329 166 2390; x_wconf 91' lang='lat' dir='ltr'><strong>miuus</strong></span> <span class='ocrx_word' id='word_1_140' title='bbox 189 2332 289 2392; x_wconf 83' lang='lat' dir='ltr'><strong>elucet</strong></span> <span class='ocrx_word' id='word_1_141' title='bbox 311 2334 427 2393; x_wconf 84' lang='lat' dir='ltr'><strong>seviros</strong></span> <span class='ocrx_word' id='word_1_142' title='bbox 449 2334 595 2393; x_wconf 86' lang='lat' dir='ltr'><strong>sodalium</strong></span> <span class='ocrx_word' id='word_1_143' title='bbox 619 2335 789 2410; x_wconf 86' lang='lat' dir='ltr'><strong>exemplum</strong></span> <span class='ocrx_word' id='word_1_144' title='bbox 812 2353 873 2393; x_wconf 90' lang='lat' dir='ltr'><strong>non</strong></span> <span class='ocrx_word' id='word_1_145' title='bbox 895 2334 989 2410; x_wconf 88' lang='lat' dir='ltr'><strong>sequi.</strong></span> <span class='ocrx_word' id='word_1_146' title='bbox 1041 2342 1044 2349; x_wconf 87' lang='lat'>&#39;</span> 
     </span>
    </p>

    <p class='ocr_par' dir='ltr' id='par_1_5' title="bbox 66 2434 1188 3128">
     <span class='ocr_line' id='line_1_19' title="bbox 152 2434 1188 2514; baseline 0.001 -21"><span class='ocrx_word' id='word_1_147' title='bbox 152 2434 246 2494; x_wconf 82' lang='lat' dir='ltr'><strong>Porro</strong></span> <span class='ocrx_word' id='word_1_148' title='bbox 269 2436 396 2510; x_wconf 89' lang='lat' dir='ltr'><strong>singulis</strong></span> <span class='ocrx_word' id='word_1_149' title='bbox 418 2437 632 2513; x_wconf 88' lang='lat' dir='ltr'><strong>imperatorum</strong></span> <span class='ocrx_word' id='word_1_150' title='bbox 655 2438 795 2514; x_wconf 87' lang='lat' dir='ltr'><strong>gentibus</strong></span> <span class='ocrx_word' id='word_1_151' title='bbox 823 2436 942 2496; x_wconf 91' lang='lat' dir='ltr'><strong>sedales</strong></span> <span class='ocrx_word' id='word_1_152' title='bbox 969 2439 1124 2512; x_wconf 85' lang='lat' dir='ltr'><strong>separatos</strong></span> <span class='ocrx_word' id='word_1_153' title='bbox 1147 2436 1188 2494; x_wconf 89' lang='lat' dir='ltr'><strong>iu·</strong></span> 
     </span>
     <span class='ocr_line' id='line_1_20' title="bbox 66 2535 1188 2617; baseline 0.001 -22"><span class='ocrx_word' id='word_1_154' title='bbox 66 2535 184 2595; x_wconf 84' lang='lat' dir='ltr'><strong>stitutus</strong></span> <span class='ocrx_word' id='word_1_155' title='bbox 207 2554 272 2597; x_wconf 90' lang='lat' dir='ltr'><strong>esse</strong></span> <span class='ocrx_word' id='word_1_156' title='bbox 296 2556 362 2597; x_wconf 89' lang='lat' dir='ltr'><strong>cnm</strong></span> <span class='ocrx_word' id='word_1_157' title='bbox 385 2538 562 2616; x_wconf 89' lang='lat' dir='ltr'><strong>iampridem</strong></span> <span class='ocrx_word' id='word_1_158' title='bbox 577 2539 761 2617; x_wconf 86' lang='lat' dir='ltr'><strong>Borghesius</strong></span> <span class='ocrx_word' id='word_1_159' title='bbox 774 2537 799 2612; x_wconf 76' lang='grc'><strong>4)</strong></span> <span class='ocrx_word' id='word_1_160' title='bbox 823 2543 885 2599; x_wconf 86' lang='lat' dir='ltr'><strong>tum</strong></span> <span class='ocrx_word' id='word_1_161' title='bbox 901 2539 931 2599; x_wconf 90' lang='lat' dir='ltr'><strong>in</strong></span> <span class='ocrx_word' id='word_1_162' title='bbox 948 2539 1098 2598; x_wconf 87' lang='lat' dir='ltr'><strong>nonnullis</strong></span> <span class='ocrx_word' id='word_1_163' title='bbox 1110 2555 1188 2610; x_wconf 44' lang='lat' dir='ltr'><strong>‚eum</strong></span> 
     </span>
     <span class='ocr_line' id='line_1_21' title="bbox 67 2639 1188 2717; baseline 0.003 -21"><span class='ocrx_word' id='word_1_164' title='bbox 67 2639 221 2715; x_wconf 88' lang='lat' dir='ltr'><strong>corrigens</strong></span> <span class='ocrx_word' id='word_1_165' title='bbox 243 2659 355 2717; x_wconf 82' lang='lat' dir='ltr'><strong>nuper</strong></span> <span class='ocrx_word' id='word_1_166' title='bbox 392 2641 592 2714; x_wconf 75' lang='lat' dir='ltr'><strong>Dessavius⁵l</strong></span> <span class='ocrx_word' id='word_1_167' title='bbox 638 2642 862 2702; x_wconf 87' lang='lat' dir='ltr'><strong>demonstravit.</strong></span> <span class='ocrx_word' id='word_1_168' title='bbox 927 2642 1039 2702; x_wconf 79' lang='lat' dir='ltr'><strong>Contra</strong></span> <span class='ocrx_word' id='word_1_169' title='bbox 1074 2640 1188 2701; x_wconf 88' lang='lat' dir='ltr'><strong>seviros</strong></span> 
     </span>
     <span class='ocr_line' id='line_1_22' title="bbox 67 2740 1188 2821; baseline 0.002 -21"><span class='ocrx_word' id='word_1_170' title='bbox 67 2740 249 2817; x_wconf 82' lang='lat' dir='ltr'><strong>Augustales</strong></span> <span class='ocrx_word' id='word_1_171' title='bbox 272 2743 409 2819; x_wconf 90' lang='lat' dir='ltr'><strong>equidem</strong></span> <span class='ocrx_word' id='word_1_172' title='bbox 433 2744 561 2821; x_wconf 88' lang='lat' dir='ltr'><strong>probare</strong></span> <span class='ocrx_word' id='word_1_173' title='bbox 584 2745 686 2805; x_wconf 88' lang='lat' dir='ltr'><strong>studui</strong></span> <span class='ocrx_word' id='word_1_174' title='bbox 708 2745 819 2804; x_wconf 90' lang='lat' dir='ltr'><strong>cultum</strong></span> <span class='ocrx_word' id='word_1_175' title='bbox 848 2748 1039 2821; x_wconf 88' lang='lat' dir='ltr'><strong>posterorum</strong></span> <span class='ocrx_word' id='word_1_176' title='bbox 1061 2743 1188 2818; x_wconf 90' lang='lat' dir='ltr'><strong>impera·</strong></span> 
     </span>
     <span class='ocr_line' id='line_1_23' title="bbox 66 2844 1187 2924; baseline 0.002 -21"><span class='ocrx_word' id='word_1_177' title='bbox 66 2847 164 2904; x_wconf 86' lang='lat' dir='ltr'><strong>torum</strong></span> <span class='ocrx_word' id='word_1_178' title='bbox 197 2844 338 2924; x_wconf 91' lang='lat' dir='ltr'><strong>deinceps</strong></span> <span class='ocrx_word' id='word_1_179' title='bbox 369 2846 500 2907; x_wconf 91' lang='lat' dir='ltr'><strong>omnium</strong></span> <span class='ocrx_word' id='word_1_180' title='bbox 530 2848 616 2907; x_wconf 92' lang='lat' dir='ltr'><strong>simul</strong></span> <span class='ocrx_word' id='word_1_181' title='bbox 646 2849 815 2924; x_wconf 81' lang='lat' dir='ltr'><strong>suscepisse</strong></span> <span class='ocrx_word' id='word_1_182' title='bbox 838 2852 958 2907; x_wconf 91' lang='lat' dir='ltr'><strong>etcum</strong></span> <span class='ocrx_word' id='word_1_183' title='bbox 981 2846 1187 2907; x_wconf 80' lang='lat' dir='ltr'><strong>caesarisvel</strong></span> 
     </span>
     <span class='ocr_line' id='line_1_24' title="bbox 67 2947 1188 3026; baseline 0.001 -20"><span class='ocrx_word' id='word_1_184' title='bbox 67 2947 137 3007; x_wconf 85' lang='lat' dir='ltr'><strong>Divi</strong></span> <span class='ocrx_word' id='word_1_185' title='bbox 157 2948 287 3025; x_wconf 82' lang='lat' dir='ltr'><strong>Augusti</strong></span> <span class='ocrx_word' id='word_1_186' title='bbox 310 2951 393 3011; x_wconf 90' lang='lat' dir='ltr'><strong>cultu</strong></span> <span class='ocrx_word' id='word_1_187' title='bbox 415 2948 636 3023; x_wconf 79' lang='lat' dir='ltr'><strong>coniunxisse.⁶)</strong></span> <span class='ocrx_word' id='word_1_188' title='bbox 679 2952 746 3010; x_wconf 89' lang='lat' dir='ltr'><strong>Hac</strong></span> <span class='ocrx_word' id='word_1_189' title='bbox 767 2951 860 3026; x_wconf 87' lang='lat' dir='ltr'><strong>igitur</strong></span> <span class='ocrx_word' id='word_1_190' title='bbox 882 2951 912 3010; x_wconf 91' lang='lat' dir='ltr'><strong>in</strong></span> <span class='ocrx_word' id='word_1_191' title='bbox 935 2969 968 3011; x_wconf 92' lang='lat' dir='ltr'><strong>re</strong></span> <span class='ocrx_word' id='word_1_192' title='bbox 989 2966 1095 3010; x_wconf 87' lang='lat' dir='ltr'><strong>rursus</strong></span> <span class='ocrx_word' id='word_1_193' title='bbox 1117 2949 1188 3010; x_wconf 90' lang='lat' dir='ltr'><strong>utri·</strong></span> 
     </span>
     <span class='ocr_line' id='line_1_25' title="bbox 68 3049 330 3128; baseline 0.008 -18"><span class='ocrx_word' id='word_1_194' title='bbox 68 3067 127 3126; x_wconf 90' lang='lat' dir='ltr'><strong>que</strong></span> <span class='ocrx_word' id='word_1_195' title='bbox 149 3049 330 3128; x_wconf 86' lang='lat' dir='ltr'><strong>discrepant.</strong></span> 
     </span>
    </p>

    <p class='ocr_par' dir='ltr' id='par_1_6' title="bbox 67 3153 1189 3644">
     <span class='ocr_line' id='line_1_26' title="bbox 153 3153 1189 3233; baseline 0.002 -21"><span class='ocrx_word' id='word_1_196' title='bbox 153 3153 271 3215; x_wconf 89' lang='lat' dir='ltr'><strong>Deinde</strong></span> <span class='ocrx_word' id='word_1_197' title='bbox 298 3154 472 3233; x_wconf 86' lang='lat' dir='ltr'><strong>frequentes</strong></span> <span class='ocrx_word' id='word_1_198' title='bbox 502 3156 633 3216; x_wconf 82' lang='lat' dir='ltr'><strong>sevirum</strong></span> <span class='ocrx_word' id='word_1_199' title='bbox 663 3156 765 3216; x_wconf 88' lang='lat' dir='ltr'><strong>titulos</strong></span> <span class='ocrx_word' id='word_1_200' title='bbox 788 3156 929 3231; x_wconf 87' lang='lat' dir='ltr'><strong>Augusto</strong></span> <span class='ocrx_word' id='word_1_201' title='bbox 956 3154 1027 3214; x_wconf 86' lang='lat' dir='ltr'><strong>vivo</strong></span> <span class='ocrx_word' id='word_1_202' title='bbox 1060 3155 1189 3229; x_wconf 85' lang='lat' dir='ltr'><strong>scriptos</strong></span> 
     </span>
     <span class='ocr_line' id='line_1_27' title="bbox 67 3254 1188 3335; baseline 0.003 -20"><span class='ocrx_word' id='word_1_203' title='bbox 67 3254 164 3321; x_wconf 84' lang='lat' dir='ltr'><strong>hodie</strong></span> <span class='ocrx_word' id='word_1_204' title='bbox 180 3274 346 3334; x_wconf 86' lang='lat' dir='ltr'><strong>superesse,</strong></span> <span class='ocrx_word' id='word_1_205' title='bbox 368 3259 483 3318; x_wconf 91' lang='lat' dir='ltr'><strong>etiamsi</strong></span> <span class='ocrx_word' id='word_1_206' title='bbox 505 3259 563 3318; x_wconf 90' lang='lat' dir='ltr'><strong>hoc</strong></span> <span class='ocrx_word' id='word_1_207' title='bbox 585 3259 752 3334; x_wconf 85' lang='lat' dir='ltr'><strong>imperante</strong></span> <span class='ocrx_word' id='word_1_208' title='bbox 776 3258 818 3317; x_wconf 92' lang='lat' dir='ltr'><strong>illi</strong></span> <span class='ocrx_word' id='word_1_209' title='bbox 841 3259 901 3335; x_wconf 81' lang='lat' dir='ltr'><strong>sint</strong></span> <span class='ocrx_word' id='word_1_210' title='bbox 924 3258 1066 3334; x_wconf 85' lang='lat' dir='ltr'><strong>instituti,</strong></span> <span class='ocrx_word' id='word_1_211' title='bbox 1088 3263 1188 3318; x_wconf 89' lang='lat' dir='ltr'><strong>tamen</strong></span> 
     </span>
     <span class='ocr_line' id='line_1_28' title="bbox 68 3360 1188 3437; baseline 0.001 -19"><span class='ocrx_word' id='word_1_212' title='bbox 68 3377 128 3418; x_wconf 89' lang='lat' dir='ltr'><strong>non</strong></span> <span class='ocrx_word' id='word_1_213' title='bbox 151 3377 216 3419; x_wconf 92' lang='lat' dir='ltr'><strong>esse</strong></span> <span class='ocrx_word' id='word_1_214' title='bbox 239 3366 472 3421; x_wconf 88' lang='lat' dir='ltr'><strong>consentaneum</strong></span> <span class='ocrx_word' id='word_1_215' title='bbox 504 3360 592 3421; x_wconf 90' lang='lat' dir='ltr'><strong>modo</strong></span> <span class='ocrx_word' id='word_1_216' title='bbox 622 3360 825 3437; x_wconf 84' lang='lat' dir='ltr'><strong>exposuimus.</strong></span> <span class='ocrx_word' id='word_1_217' title='bbox 869 3360 963 3437; x_wconf 87' lang='lat' dir='ltr'><strong>Atqui</strong></span> <span class='ocrx_word' id='word_1_218' title='bbox 986 3379 1093 3420; x_wconf 88' lang='lat' dir='ltr'><strong>revera</strong></span> <span class='ocrx_word' id='word_1_219' title='bbox 1115 3377 1188 3419; x_wconf 91' lang='lat' dir='ltr'><strong>non-</strong></span> 
     </span>
     <span class='ocr_line' id='line_1_29' title="bbox 68 3438 1187 3540; baseline -0.001 -19"><span class='ocrx_word' id='word_1_220' title='bbox 68 3438 143 3521; x_wconf 78' lang='lat' dir='ltr'><strong>n⁰ulli</strong></span> <span class='ocrx_word' id='word_1_221' title='bbox 164 3470 283 3538; x_wconf 88' lang='lat' dir='ltr'><strong>praesto</strong></span> <span class='ocrx_word' id='word_1_222' title='bbox 307 3468 377 3522; x_wconf 91' lang='lat' dir='ltr'><strong>sunt</strong></span> <span class='ocrx_word' id='word_1_223' title='bbox 399 3464 486 3540; x_wconf 89' lang='lat' dir='ltr'><strong>eique</strong></span> <span class='ocrx_word' id='word_1_224' title='bbox 509 3463 620 3524; x_wconf 89' lang='lat' dir='ltr'><strong>idonea</strong></span> <span class='ocrx_word' id='word_1_225' title='bbox 641 3464 821 3524; x_wconf 85' lang='lat' dir='ltr'><strong>auctoritate</strong></span> <span class='ocrx_word' id='word_1_226' title='bbox 844 3463 969 3539; x_wconf 85' lang='lat' dir='ltr'><strong>defensi,</strong></span> <span class='ocrx_word' id='word_1_227' title='bbox 994 3479 1070 3540; x_wconf 88' lang='lat' dir='ltr'><strong>quos</strong></span> <span class='ocrx_word' id='word_1_228' title='bbox 1092 3463 1187 3522; x_wconf 87' lang='lat' dir='ltr'><strong>avivi</strong></span> 
     </span>
     <span class='ocr_line' id='line_1_30' title="bbox 67 3564 804 3644; baseline -0.001 -19"><span class='ocrx_word' id='word_1_229' title='bbox 67 3564 196 3640; x_wconf 87' lang='lat' dir='ltr'><strong>Augusti</strong></span> <span class='ocrx_word' id='word_1_230' title='bbox 218 3569 317 3626; x_wconf 89' lang='lat' dir='ltr'><strong>aetate</strong></span> <span class='ocrx_word' id='word_1_231' title='bbox 340 3566 485 3643; x_wconf 90' lang='lat' dir='ltr'><strong>originem</strong></span> <span class='ocrx_word' id='word_1_232' title='bbox 510 3565 623 3627; x_wconf 89' lang='lat' dir='ltr'><strong>ducere</strong></span> <span class='ocrx_word' id='word_1_233' title='bbox 645 3570 804 3644; x_wconf 85' lang='lat' dir='ltr'><strong>appareat:</strong></span> 
     </span>
    </p>

    <p class='ocr_par' dir='ltr' id='par_1_7' title="bbox 134 3666 1189 3747">
     <span class='ocr_line' id='line_1_31' title="bbox 134 3666 1189 3747; baseline 0 -20"><span class='ocrx_word' id='word_1_234' title='bbox 134 3673 160 3727; x_wconf 93' lang='lat'><strong>1.</strong></span> <span class='ocrx_word' id='word_1_235' title='bbox 183 3666 214 3728; x_wconf 79' lang='lat' dir='ltr'><strong>G.</strong></span> <span class='ocrx_word' id='word_1_236' title='bbox 242 3668 338 3728; x_wconf 91' lang='lat' dir='ltr'><strong>lulius</strong></span> <span class='ocrx_word' id='word_1_237' title='bbox 370 3667 506 3729; x_wconf 79' lang='lat' dir='ltr'><strong>Caesaris</strong></span> <span class='ocrx_word' id='word_1_238' title='bbox 531 3669 659 3747; x_wconf 87' lang='lat' dir='ltr'><strong>Augusti</strong></span> <span class='ocrx_word' id='word_1_239' title='bbox 690 3669 708 3728; x_wconf 91' lang='lat' dir='ltr'><strong>l.</strong></span> <span class='ocrx_word' id='word_1_240' title='bbox 738 3670 819 3727; x_wconf 86' lang='lat' dir='ltr'><strong>Dosa</strong></span> <span class='ocrx_word' id='word_1_241' title='bbox 850 3669 950 3728; x_wconf 85' lang='lat' dir='ltr'><strong>sexvir</strong></span> <span class='ocrx_word' id='word_1_242' title='bbox 972 3669 1060 3727; x_wconf 85' lang='lat' dir='ltr'><strong>vivus</strong></span> <span class='ocrx_word' id='word_1_243' title='bbox 1081 3667 1136 3726; x_wconf 90' lang='lat' dir='ltr'><strong>sibi</strong></span> <span class='ocrx_word' id='word_1_244' title='bbox 1159 3671 1189 3727; x_wconf 89' lang='lat' dir='ltr'><strong>et</strong></span> 
     </span>
    </p>

    <p class='ocr_par' dir='ltr' id='par_1_8' title="bbox 219 3768 1187 3849">
     <span class='ocr_line' id='line_1_32' title="bbox 219 3768 1187 3849; baseline -0.001 -20"><span class='ocrx_word' id='word_1_245' title='bbox 219 3770 362 3830; x_wconf 90' lang='lat' dir='ltr'><strong>Numisiai</strong></span> <span class='ocrx_word' id='word_1_246' title='bbox 374 3772 409 3831; x_wconf 87' lang='grc' dir='ltr'><strong>Τ.</strong></span> <span class='ocrx_word' id='word_1_247' title='bbox 425 3769 443 3830; x_wconf 85' lang='lat' dir='ltr'><strong>f.</strong></span> <span class='ocrx_word' id='word_1_248' title='bbox 459 3774 545 3833; x_wconf 84' lang='lat' dir='ltr'><strong>uxori</strong></span> <span class='ocrx_word' id='word_1_249' title='bbox 593 3774 626 3849; x_wconf 85' lang='lat' dir='ltr'><strong>V,</strong></span> <span class='ocrx_word' id='word_1_250' title='bbox 642 3768 724 3832; x_wconf 82' lang='lat'>3404</span> <span class='ocrx_word' id='word_1_251' title='bbox 740 3768 794 3844; x_wconf 87' lang='lat'><strong>(=</strong></span> <span class='ocrx_word' id='word_1_252' title='bbox 806 3771 902 3829; x_wconf 91' lang='lat' dir='ltr'><strong>Wilm.</strong></span> <span class='ocrx_word' id='word_1_253' title='bbox 913 3769 1016 3842; x_wconf 80' lang='grc'><strong>2156.)</strong></span> <span class='ocrx_word' id='word_1_254' title='bbox 1040 3771 1187 3829; x_wconf 85' lang='lat' dir='ltr'><strong>Veronae.</strong></span> 
     </span>
    </p>
   </div>
   <div class='ocr_carea' id='block_1_4' title="bbox 148 4055 727 4468">
    <p class='ocr_par' dir='ltr' id='par_1_9' title="bbox 153 4055 626 4125">
     <span class='ocr_line' id='line_1_33' title="bbox 153 4055 626 4125; baseline -0.004 -14"><span class='ocrx_word' id='word_1_255' title='bbox 153 4059 174 4124; x_wconf 87' lang='lat'><strong>¹)</strong></span> <span class='ocrx_word' id='word_1_256' title='bbox 191 4055 352 4111; x_wconf 84' lang='lat' dir='ltr'><strong>Statsverw.</strong></span> <span class='ocrx_word' id='word_1_257' title='bbox 370 4056 382 4110; x_wconf 94' lang='lat' dir='ltr'>I</span> <span class='ocrx_word' id='word_1_258' title='bbox 401 4073 428 4125; x_wconf 95' lang='lat' dir='ltr'><strong>p.</strong></span> <span class='ocrx_word' id='word_1_259' title='bbox 445 4061 504 4110; x_wconf 85' lang='grc'><strong>514.</strong></span> <span class='ocrx_word' id='word_1_260' title='bbox 521 4056 585 4110; x_wconf 85' lang='lat' dir='ltr'><strong>adu.</strong></span> <span class='ocrx_word' id='word_1_261' title='bbox 603 4061 626 4109; x_wconf 90' lang='grc'><strong>6.</strong></span> 
     </span>
    </p>

    <p class='ocr_par' dir='ltr' id='par_1_10' title="bbox 151 4140 666 4208">
     <span class='ocr_line' id='line_1_34' title="bbox 151 4140 666 4208; baseline 0.002 -16"><span class='ocrx_word' id='word_1_262' title='bbox 151 4143 174 4208; x_wconf 82' lang='lat'><strong>²)</strong></span> <span class='ocrx_word' id='word_1_263' title='bbox 191 4140 362 4194; x_wconf 82' lang='lat' dir='ltr'><strong>&#39;l&#39;estimonio</strong></span> <span class='ocrx_word' id='word_1_264' title='bbox 380 4147 446 4194; x_wconf 88' lang='lat' dir='ltr'><strong>sunt</strong></span> <span class='ocrx_word' id='word_1_265' title='bbox 463 4141 573 4195; x_wconf 89' lang='lat' dir='ltr'><strong>sodales</strong></span> <span class='ocrx_word' id='word_1_266' title='bbox 590 4140 666 4195; x_wconf 84' lang='lat' dir='ltr'><strong>Titii.</strong></span> 
     </span>
    </p>

    <p class='ocr_par' dir='ltr' id='par_1_11' title="bbox 148 4224 727 4468">
     <span class='ocr_line' id='line_1_35' title="bbox 150 4224 696 4294; baseline -0.007 -16"><span class='ocrx_word' id='word_1_267' title='bbox 150 4228 173 4289; x_wconf 77' lang='grc'><strong>3)</strong></span> <span class='ocrx_word' id='word_1_268' title='bbox 190 4224 226 4278; x_wconf 90' lang='lat' dir='ltr'><strong>cf.</strong></span> <span class='ocrx_word' id='word_1_269' title='bbox 245 4226 361 4279; x_wconf 84' lang='lat' dir='ltr'><strong>Dessav.</strong></span> <span class='ocrx_word' id='word_1_270' title='bbox 380 4226 396 4278; x_wconf 91' lang='lat' dir='ltr'><strong>l.</strong></span> <span class='ocrx_word' id='word_1_271' title='bbox 414 4227 431 4279; x_wconf 92' lang='lat' dir='ltr'><strong>l.</strong></span> <span class='ocrx_word' id='word_1_272' title='bbox 451 4243 477 4294; x_wconf 95' lang='lat' dir='ltr'><strong>p.</strong></span> <span class='ocrx_word' id='word_1_273' title='bbox 496 4229 553 4279; x_wconf 82' lang='lat'><strong>213.</strong></span> <span class='ocrx_word' id='word_1_274' title='bbox 692 4266 696 4274; x_wconf 91' lang='lat'><strong>.</strong></span> 
     </span>
     <span class='ocr_line' id='line_1_36' title="bbox 148 4310 727 4380; baseline 0.002 -18"><span class='ocrx_word' id='word_1_275' title='bbox 148 4314 171 4375; x_wconf 80' lang='lat'><strong>⁴)</strong></span> <span class='ocrx_word' id='word_1_276' title='bbox 189 4310 318 4364; x_wconf 88' lang='lat' dir='ltr'><strong>memorie</strong></span> <span class='ocrx_word' id='word_1_277' title='bbox 337 4310 466 4365; x_wconf 81' lang='lat' dir='ltr'><strong>dell&#39;inst</strong></span> <span class='ocrx_word' id='word_1_278' title='bbox 488 4314 559 4364; x_wconf 67' lang='lat'><strong>18:32.</strong></span> <span class='ocrx_word' id='word_1_279' title='bbox 578 4329 604 4380; x_wconf 86' lang='lat' dir='ltr'><strong>p.</strong></span> <span class='ocrx_word' id='word_1_280' title='bbox 624 4315 668 4364; x_wconf 79' lang='lat' dir='ltr'><strong>‘llll</strong></span> <span class='ocrx_word' id='word_1_281' title='bbox 691 4326 727 4365; x_wconf 87' lang='lat' dir='ltr'><strong>ss.</strong></span> 
     </span>
     <span class='ocr_line' id='line_1_37' title="bbox 148 4395 624 4468; baseline 0 -19"><span class='ocrx_word' id='word_1_282' title='bbox 148 4399 171 4463; x_wconf 55' lang='grc' dir='ltr'><strong>ὅ)</strong></span> <span class='ocrx_word' id='word_1_283' title='bbox 188 4397 204 4449; x_wconf 88' lang='lat' dir='ltr'><strong>l</strong></span> <span class='ocrx_word' id='word_1_284' title='bbox 223 4396 240 4450; x_wconf 92' lang='lat' dir='ltr'><strong>l.</strong></span> <span class='ocrx_word' id='word_1_285' title='bbox 394 4400 417 4464; x_wconf 68' lang='grc' dir='ltr'><strong>θ)</strong></span> <span class='ocrx_word' id='word_1_286' title='bbox 435 4395 469 4451; x_wconf 88' lang='lat' dir='ltr'><strong>cf.</strong></span> <span class='ocrx_word' id='word_1_287' title='bbox 487 4413 515 4468; x_wconf 85' lang='lat' dir='ltr'><strong>p.</strong></span> <span class='ocrx_word' id='word_1_288' title='bbox 534 4401 564 4450; x_wconf 80' lang='lat' dir='ltr'><strong>tl</strong></span> <span class='ocrx_word' id='word_1_289' title='bbox 586 4411 624 4452; x_wconf 86' lang='lat' dir='ltr'><strong>ss.</strong></span> 
     </span>
    </p>
   </div>
   <div class='ocr_carea' id='block_1_5' title="bbox 0 0 1594 5370">
    <p class='ocr_par' dir='ltr' id='par_1_12' title="bbox 0 0 1594 5370">
     <span class='ocr_line' id='line_1_38' title="bbox 0 0 1594 5370; baseline 0 0"><span class='ocrx_word' id='word_1_290' title='bbox 0 0 1594 5370; x_wconf 95' lang='lat' dir='ltr'><strong> </strong></span> 
     </span>
    </p>
   </div>
  </div>
 </body>
</html>
