3180 5370
1197 404 1262 479 ·1'11

143 593 263 668 statum,
284 609 343 650 non
368 590 532 675 mirabitur.
576 590 713 666 Namque
737 608 803 650 cum
820 591 961 650 Romanis
984 593 1089 650 contra
1104 566 1265 668 indigenas

141 708 302 768 numquam
326 710 449 769 prorsus
473 691 607 751 subditos
629 692 709 751 bella
731 693 874 751 continua
903 692 962 751 illic
992 697 1093 752 essent
1113 691 1263 769 gerenda,

140 795 305 853 eivitatium
329 794 465 854 condicio
489 795 657 854 necessario
682 794 738 853 luit
759 795 848 870 plane
864 795 1006 855 militaris.
1050 797 1157 872 Itaque
1172 795 1263 855 hono-

140 910 207 955 rum
231 897 462 973 municipalium,
486 897 690 975 collegiorum,
712 897 844 973 reliquae
867 897 947 958 vitae
971 897 1158 974 municipalis
1173 897 1263 957 vesti-

141 998 192 1073 gia
219 1000 340 1058 omnino
371 998 411 1058 lbi
445 1016 541 1076 paene
573 999 659 1058 nulla
691 996 920 1075 reperiuntur.¹)
965 1000 1076 1060 Oontra
1098 1001 1127 1059 in
1151 999 1264 1074 Africa,

142 1101 192 1160 ubl
223 1101 390 1178 posteriore
421 1102 541 1178 quidem
571 1104 669 1161 aetate
701 1101 863 1162 admodum
894 1103 994 1161 floruit
1022 1108 1113 1179 atque
1144 1103 1265 1162 exculta

142 1206 189 1262 est
217 1208 250 1264 et
278 1183 340 1263 res·
360 1203 549 1281 municipalis
582 1208 612 1263 et
641 1184 855 1280 imperatorum
888 1205 1011 1282 religio,
1043 1204 1124 1282 quod
1159 1208 1264 1280 quater

138 1308 259 1368 tantum
284 1303 515 1382 quinquiesve²i
541 1307 769 1382 Augustulitatis
800 1307 910 1366 mentio
936 1307 970 1366 fit
992 1308 1153 1384 plurimum
1175 1307 1265 1366 habet

140 1407 354 1468 admirationis.
398 1410 610 1469 Verumtamen
640 1410 678 1468 ad
709 1409 787 1468 lranc
819 1427 882 1468 rem
914 1410 1120 1485 explicandam
1144 1413 1264 1486 praeter

136 1528 187 1588 oa,
210 1528 288 1586 quae
310 1512 368 1569 iam
391 1511 504 1587 pridem
528 1511 562 1572 0.
585 1511 796 1571 Hirschfeldus
805 1505 832 1588 ³)
855 1513 1026 1590 proposuit,
1048 1513 1172 1573 multum
1195 1513 1266 1570 novi

143 1630 203 1672 non
226 1628 347 1690 possum
370 1614 486 1673 afferre.
530 1616 607 1673 Nam
631 1615 719 1675 etiam
735 1615 960 1693 Wilmannsius,
981 1632 1071 1691 quem
1094 1614 1131 1674 de
1154 1615 1210 1673 hac
1232 1633 1264 1674 re

143 1715 290 1792 consului,
327 1732 423 1792 acque
460 1720 551 1792 atquc
582 1715 793 1774 Hirschfeldus
827 1734 891 1775 eam
928 1720 1014 1794 putat
1047 1718 1179 1776 raritatis
1206 1717 1263 1776 Au·
1353 1696 1355 1701 ¹

144 1817 303 1899 gustalium
333 1817 544 1878 Africanorum
576 1836 713 1879 caussam
744 1836 826 1896 osse,
859 1820 940 1896 quod
968 1819 999 1879 in
1028 1819 1086 1878 ista
1108 1819 1266 1897 provincia

143 1920 309 1996 posteriore
331 1920 449 1998 demum
473 1927 573 1981 astate
594 1924 624 1981 in
648 1922 877 1999 municipiorum
904 1921 1028 1981 formam
1059 1922 1130 1982 alibi
1153 1920 1264 1980 dudum

144 2022 304 2101 stabilitam
319 2013 463 2083 'civitates
493 2024 635 2084 redactae
657 2025 726 2084 sint.
777 2024 850 2085 Cum
882 2026 959 2084 onim
990 2026 1198 2102 Augustalitas
1229 2024 1266 2081 sit

145 2126 313 2184 institutum
336 2127 373 2185 ad
396 2128 566 2204 Augustum
593 2126 713 2203 proprie
736 2127 937 2186 revocandum
970 2132 999 2186 et
1028 2145 1094 2186 cum
1116 2130 1179 2186 tota
1201 2128 1265 2185 eius

146 2228 262 2287 ratione
289 2229 404 2304 imperii
427 2230 473 2287 sui
496 2230 649 2288 muniendi
672 2228 746 2288 mire
776 2230 984 2289 consentiens:
1021 2229 1063 2287 ait
1091 2229 1208 2290 elucere
1234 2229 1265 2287 in

145 2331 188 2388 eis
210 2331 337 2391 maxime
360 2330 521 2408 provinciis
553 2332 628 2391 illud
651 2331 801 2391 excultum
830 2336 860 2391 et
890 2332 1100 2409 pervolgatum
1123 2348 1203 2408 esse,
1236 2330 1266 2388 in

145 2432 254 2508 quibus
276 2434 333 2490 iam
349 2414 487 2510 Augusto
509 2435 675 2509 imperante
698 2433 860 2511 municipia
881 2434 958 2494 iuste
982 2439 1082 2494 essent
1097 2435 1266 2494 constituta.

145 2534 234 2609 Quod
269 2540 311 2608 ut,
338 2536 427 2595 cadat
456 2537 486 2595 in
509 2535 641 2595 Africam
673 2536 797 2596 multum
831 2536 944 2600 abesse.
997 2538 1158 2597 Praeterea
1188 2536 1265 2594 idem

144 2636 233 2697 homo
257 2636 381 2715 doctus,
403 2656 464 2715 qua
485 2642 532 2698 cst
553 2639 746 2716 liberalitate,
768 2638 805 2696 de
828 2639 932 2698 eadem
955 2640 1129 2714 quaestione
1152 2656 1266 2696 mecum

146 2740 375 2799 communicavit
397 2741 614 2818 coniecturam,
643 2741 674 2799 in
705 2758 794 2817 quam
817 2745 906 2799 antea
927 2740 1088 2816 aliquando
1110 2739 1267 2816 inciderat,

146 2827 384 2916 Augustalesin
408 2843 450 2903 eis
472 2842 591 2903 Africae
614 2842 734 2919 oppidis
757 2842 910 2901 institutos
933 2859 1012 2920 esse,
1026 2859 1119 2919 quae
1140 2842 1171 2900 in
1194 2860 1266 2917 agro

145 2942 292 3019 principis
313 2946 438 3021 proprio
461 2945 580 3004 condita
611 2948 721 3005 essent.
764 2944 886 3005 Scilicet
908 2945 1119 3019 imperatorum
1143 2943 1267 3002 libertos

145 3044 185 3104 ibi
215 3044 424 3122 Augustalium
455 3052 555 3124 partes
585 3048 764 3125 suscepisse.
815 3046 909 3123 Atqui
933 3046 1146 3106 Wilmannsius
1169 3046 1293 3121 adicit„

148 3165 219 3207 num
235 3146 309 3208 haec
326 3149 427 3226 opinio
443 3152 538 3227 possit
560 3149 697 3227 obtineri,
720 3167 752 3208 se
774 3149 870 3225 ipsum
894 3148 1041 3209 dubitare.
1069 3148 1268 3209 Nihilominus

147 3249 231 3309 nolui
253 3268 319 3316 earu
341 3252 460 3311 silentio
482 3252 729 3331 praetermittere.

232 3353 299 3412 Hoc
328 3355 394 3414 looo
429 3362 631 3432 opportunum
668 3358 714 3414 cst
744 3354 914 3430 opinionem
943 3353 1065 3414 Nisseni
1075 3350 1099 3424 ⁴)
1136 3351 1268 3411 breviter·
1286 3363 1326 3410 De
1344 3361 1460 3425 paganis.

148 3471 394 3535 commemorare,
416 3459 467 3533 qui
489 3475 550 3516 non
571 3456 602 3517 in
625 3456 744 3535 oppidis
774 3473 807 3515 se
830 3455 1029 3531 continuisse,
1050 3473 1155 3514 verum
1178 3455 1267 3514 etiam

237 3703 257 3764 ¹)
275 3700 310 3756 cf.
327 3700 469 3757 iiuebner.
488 3702 542 3758 VII
559 3721 586 3772 p.
599 3709 624 3757 5.

234 3789 258 3855 ²)
275 3789 384 3841 Etenim
402 3789 497 3843 nescio
515 3792 550 3842 an
563 3796 674 3857 praeter
692 3794 823 3858 quattuor
835 3787 931 3842 titulos
943 3786 978 3840 ab
991 3783 1112 3840 Hirschf.
1129 3799 1191 3839 ann.
1203 3791 1268 3840 1866

148 3886 175 3940 p.
189 3877 229 3925 66.
248 3875 419 3941 compositos
442 3875 524 3941 (Ren.
547 3877 617 3928 1529.
636 3879 710 3929 3096.
734 3878 809 3933 3190.
833 3875 911 3936 3380)
930 3872 1010 3927 eiiam
1035 3871 1104 3925 Reu.
1125 3873 1185 3924 1151
1214 3872 1268 3926 huc

148 3958 287 4024 portinere
315 3959 451 4013 dicendus
480 3961 529 4014 sit:
569 3999 575 4013 .
602 3959 729 4031 testato)
755 3975 799 4028 pr.
823 3974 870 4031 pr.
897 3957 928 4012 L.
954 3956 1050 4011 Julius
1073 3956 1206 4011 inmotus
1234 3958 1267 4012 ob

148 4041 283 4099 honorem
300 4044 402 4116 {Alam
421 4062 461 4100 σω
478 4045 528 4100 HS
546 4044 619 4100 IIII
631 4043 722 4100 CCCC
742 4061 769 4097 c.
788 4083 813 4096 ..
832 4060 883 4098 sua
904 4043 1026 4113 pecunia
1046 4042 1125 4112 fecit.
1169 4042 1268 4096 Plures

148 4133 240 4182 autem
264 4131 466 4199 Augustalium
488 4129 685 4185 Africanorum
709 4129 807 4183 titulos
830 4143 865 4182 ne
884 4127 1083 4181 Wilmannsius
1101 4125 1213 4195 quidem
1237 4141 1268 4181 se

148 4215 178 4268 in
196 4208 326 4283 promptu
337 4215 512 4270 haberemini
522 4217 632 4283 roganti
641 4215 795 4283 respondit.
816 4215 987 4281 Quamquam
1001 4212 1096 4265 morbo
1108 4211 1268 4278 impeditus,
1365 4254 1369 4260 .

150 4315 185 4354 ne
204 4300 322 4354 schedas
335 4316 400 4355 suas
419 4303 570 4368 evolveret,
588 4316 645 4354 non
663 4300 747 4369 plena
764 4299 930 4353 certitudine
948 4298 977 4352 id
995 4296 1089 4366 potuit
1104 4293 1251 4351 affirmare.

236 4392 258 4454 ³)
275 4388 364 4442 annal.
385 4391 456 4441 1866.
475 4405 501 4456 p.
518 4391 558 4440 liti.
729 4387 753 4451 ⁴)
769 4383 889 4453 pompej.
907 4381 981 4436 stud.
999 4399 1027 4451 p.
1040 4375 1098 4435 319.
