3180 5370
1226 443 1264 507 81

144 615 324 672 monumenti
346 615 404 672 mci
422 615 528 687 facias
544 615 647 688 plenis
668 616 741 674 velie
762 619 864 674 cuntes
887 620 916 674 ct
935 602 981 674 nie
1002 616 1035 674 ic
1050 617 1199 676 trioumlt
1219 599 1267 676 se·
1341 682 1343 685 ,

144 716 259 774 dentem
276 722 505 790 praetextatam
536 733 603 775 cam
626 719 726 776 contis
749 719 851 775 aorem
879 716 1009 790 quiaque
1031 722 1059 776 et
1080 733 1213 778 nummos
1235 721 1267 778 in

142 815 264 891 publico
293 819 473 877 decaecato
496 818 711 892 effundentem,
740 819 803 877 scic
825 820 917 894 enim,
940 820 1023 892 quod
1048 800 1167 893 epulam
1189 822 1267 894 dedi,

143 918 228 978 bicos
251 920 404 978 decorior.
450 921 609 992 Fociotum
636 921 663 978 si
690 921 744 980 tihi
765 921 891 998 videtur,
913 925 942 980 ct
964 922 1109 980 triclinia.
1154 923 1266 982 Facias

144 1026 285 1081 ettotam
315 1024 462 1095 populum
490 1021 548 1080 sibi
571 1023 715 1082 -cueeiter
744 1024 913 1096 facientem.
959 1024 1067 1100 Itaque
1097 1025 1194 1084 etiam-
1213 1024 1267 1085 illa

145 1124 268 1201 parietis
296 1125 431 1201 pictura,
467 1125 496 1183 iu
528 1142 588 1200 qua
610 1125 778 1184 Mercurius
809 1124 968 1184 exhibetur
1001 1124 1133 1185 levatum
1165 1130 1266 1186 mento

143 1225 394 1286 Trimalchionem
416 1227 448 1284 in
470 1226 601 1285 tribunal
623 1227 773 1286 excelsum
794 1228 915 1302 rapiens
926 1224 962 1304 ¹),
991 1227 1030 1286 ad
1062 1227 1125 1286 eius
1156 1229 1266 1288 sevira-

143 1331 204 1387 tnm
228 1333 353 1404 spectat.
398 1329 503 1389 Dicam
525 1329 627 1405 igitur,
648 1329 757 1405 partim
780 1329 851 1388 dum
867 1329 947 1389 ludis
961 1329 1177 1408 praesiderent,
1199 1348 1266 1407 par

143 1430 195 1488 tim
219 1431 288 1490 dum
311 1432 417 1508 epulas
440 1431 582 1491 sevirales
605 1431 791 1509 dividerent,
821 1432 925 1490 sellam
948 1449 984 1490 ac
1005 1432 1138 1491 tribunal
1160 1433 1266 1492 seviris

143 1533 328 1593 convenisse.
373 1533 487 1593 Contra
508 1533 578 1591 dum
601 1550 669 1591 cum
692 1533 804 1593 ordinis
827 1532 917 1592 sociis
940 1532 1141 1611 discumbunt,
1162 1535 1212 1594 vix
1234 1536 1265 1594 in

143 1634 283 1694 tribunali
307 1635 459 1695 sederunt.
503 1635 588 1709 Qurae
610 1653 683 1694 vero
707 1635 848 1694 tribunali
869 1637 963 1712 possit
985 1652 1051 1695 esse
1074 1654 1140 1694 cum
1155 1655 1267 1714 pompa

144 1739 332 1815 coniunctio,
363 1755 487 1815 prorsus
517 1756 576 1797 non
600 1737 697 1797 video.
707 1733 731 1807 ²)
776 1738 824 1797 Ad
854 1737 933 1797 hanc
960 1739 1137 1797 sententiam
1161 1738 1265 1799 confir·
1300 1762 1304 1771 ’

143 1840 282 1899 mandam
305 1841 388 1900 valet
412 1842 500 1900 etiam
523 1841 622 1916 imago
638 1840 668 1898 in
684 1839 785 1916 lapide
800 1841 947 1899 Brixiensi
963 1841 998 1918 V,
1019 1843 1114 1928 4482,
1135 1841 1166 1900 in
1181 1842 1266 1901 cuius

147 1943 332 2020 expositione
355 1943 459 2020 paullo
482 1941 831 2020 diutiusrcommorahor,
854 1942 925 2018 quia
947 1943 1074 2002 mammo
1096 1940 1205 2003 idonee
1219 1947 1267 2003 est

145 2048 175 2104 et
197 2046 282 2120 quasi
307 2046 444 2117 consulto
468 2044 549 2104 sacta
571 2063 638 2103 cum
662 2044 700 2103 ad
722 2045 855 2108 sevirum
875 2045 1000 2103 munera
1021 2045 1213 2121 insigniaque
1233 2045 1265 2105 in

144 2146 318 2207 universum
341 2152 404 2205 tum
426 2147 476 2204 vel
499 2145 624 2205 maxime
655 2145 694 2203 ad
717 2146 848 2205 Petronii
878 2145 976 2215 locum
1000 2144 1087 2205 modo
1111 2146 1265 2207 laudatum

144 2249 364 2309 illustrandum.

230 2352 328 2427 Atque
359 2351 439 2416 illius
462 2351 663 2427 cognitionem
685 2350 781 2426 primo
809 2349 927 2426 quidem
958 2368 1018 2411 non
1047 2367 1184 2427 ceperam
1206 2351 1453 2429 nisiAnaglyphon

145 2471 182 2513 ex
206 2453 406 2530 descriptione
430 2453 604 2512 Mommseni
636 2452 675 2512 ad
698 2452 733 2530 V,
755 2454 838 2513 4482
870 2453 1095 2512 communicata.
1145 2453 1263 2512 Deinde
1294 2433 1434 2483 Brixiense.

144 2559 243 2615 autem
259 2555 468 2631 Heydemanni
488 2556 660 2614 interventu
684 2554 761 2613 idem
783 2555 830 2613 vir
844 2554 950 2614 doctus
965 2553 1142 2614 liberalitate
1157 2554 1267 2630 insigni

150 2657 280 2716 tabulam
301 2675 371 2717 aere
386 2675 526 2717 excusam
541 2656 612 2715 mihi
635 2656 839 2734 suppeditavit
861 2656 960 2716 adhuc
981 2656 1122 2716 ineditam
1137 2655 1278 2732 ideoque,

146 2766 229 2820 certe
251 2760 356 2836 paucis
379 2763 494 2837 notam,
526 2777 602 2835 quae
624 2760 756 2836 pertinet
778 2758 816 2818 ad
838 2759 932 2818 musei
953 2758 1104 2818 Bresciani
1125 2758 1266 2818 illustrati
1340 2781 1345 2794 κ

143 2867 260 2948 partem
287 2863 414 2923 alteram
445 2863 619 2923 aLahusio
649 2862 817 2921 incohatam
849 2861 929 2920 illam
957 2860 1093 2938 quidem,
1129 2859 1265 2920 sednon

144 2965 308 3043 perfectam
330 2963 403 3038 (tab.
414 2962 504 3037 XIV).
548 2965 584 3023 In
606 2983 666 3041 qua
682 2982 749 3024 oum
766 2964 912 3024 nonnulla
925 2964 1092 3024 invenirem
1115 2980 1267 3040 expressa,
1285 3014 1286 3019 ,

144 3085 222 3144 quae
244 3086 282 3127 an
306 3068 443 3127 consulto
466 3067 668 3126 Mommsenus
692 3066 839 3126 omisisset
860 3065 1045 3143 dubitabam,
1067 3069 1096 3125 et
1117 3063 1265 3140 quaedam
1369 3078 1370 3083 ’

144 3169 245 3246 paullo
262 3170 348 3229 aHter
372 3168 490 3244 depicta
512 3187 548 3228 ac
571 3172 641 3227 sunt
664 3169 694 3227 in
716 3169 795 3227 illius
819 3168 1035 3244 descriptione:
1058 3167 1165 3227 litteris
1187 3185 1266 3226 com·

144 3272 331 3332 mandaticiis
363 3271 400 3330 ah
428 3270 531 3330 eodem
558 3272 723 3330 instructus
745 3272 868 3330 Petrum
900 3269 938 3329 da
960 3271 1057 3330 Ponte
1079 3269 1265 3328 Brixiensem

142 3374 261 3451 rogavi,
291 3353 325 3432 ut
346 3372 418 3431 mihi
440 3372 615 3448 provideret
645 3373 765 3432 tabulae
787 3372 977 3431 Lahusianae
1006 3371 1175 3448 exemplum
1198 3387 1264 3429 oum

142 3477 243 3553 lapide
273 3475 372 3535 denuo
403 3475 543 3534 collatum
566 3478 608 3552 et,
641 3475 665 3534 si
689 3477 861 3551 oporteret,
889 3476 1067 3534 correctum.
1104 3472 1200 3546 Quem
1222 3472 1265 3530 vi-

143 3598 209 3640 rum
232 3579 463 3639 illustrissimum
488 3595 555 3636 cum
578 3577 717 3653 precihus
747 3577 819 3635 meis
843 3576 947 3636 deesse
968 3576 1033 3651 ipsa
1054 3592 1110 3634 sna
1132 3573 1265 3632 humani·

144 3684 189 3742 tas
212 3699 273 3740 non
296 3684 342 3740 est
363 3696 462 3757 passa,
484 3685 547 3738 tum
563 3663 736 3738 Mommseni
761 3677 952 3737 observantia
966 3675 1100 3752 adduxit,
1123 3679 1156 3733 ut
1169 3676 1265 3734 toturn

142 3782 220 3857 illud,
239 3783 391 3859 negotium
421 3782 486 3857 ipse
509 3779 629 3842 subiret
673 3781 719 3840 Ita
748 3781 840 3857 igitur
870 3779 941 3838 mihi
964 3778 1103 3856 contigit,
1131 3780 1165 3838 ut
1187 3794 1264 3836 com-

142 3885 316 3944 mentationi
331 3902 414 3944 meae
429 3883 594 3960 adiungere
610 3883 720 3959 possim
736 3884 814 3942 illius
837 3881 1002 3958 anaglyphi
1023 3880 1183 3957 imaginem
1198 3896 1264 3938 cum

144 3986 241 4062 lapide
265 3986 490 4063 diligentissime
517 3985 655 4044 collatam
685 4002 740 4044 nec
770 3983 874 4059 paucis
899 3983 972 4042 locis
997 3983 1045 4042 vel
1070 3979 1266 4056 emendatam,
1332 4002 1337 4025 ·

141 4089 192 4148 vel
214 4093 340 4148 aucum.

226 4191 407 4266 Priusquam
430 4190 528 4249 autem
550 4191 702 4249 transeam
725 4188 762 4248 ad
784 4187 904 4262 singula
935 4183 1159 4262 percensenda,
1181 4201 1258 4261 quae
1276 4195 1317 4244 De
1332 4193 1451 4311 iquaginis

1377 4278 1400 4312 θ.

142 4339 346 4349 ι--ι--ι

230 4406 250 4468 ¹)
268 4417 312 4470 cp.
326 4405 365 4454 29.
537 4404 560 4461 ¹²)
579 4405 678 4455 contra
695 4398 853 4468 Zumptium
871 4414 898 4466 p.
911 4402 951 4451 tl.

1043 4503 1059 4550 6
