3180 5370
431 413 492 475 106

428 587 536 663 quibus
558 589 610 646 sut
632 588 669 647 ob
690 588 829 648 virtutem
845 590 1025 666 singularem
1040 593 1094 649 sut
1107 588 1146 649 ob
1160 606 1316 649 nnmerum
1332 588 1551 667 stipendiorum

429 689 561 765 duplicia
574 690 686 751 cibaris
701 689 850 753 dabantur
862 690 894 770 ¹),
915 695 958 753 ils
972 692 1107 753 Puteolis
1122 696 1152 751 ct
1165 691 1279 753 Tibure
1294 693 1325 751 in
1341 691 1551 769 Augustalium

429 792 561 867 collegiis
595 793 651 852 hoc
686 795 805 853 nomine
842 795 869 854 ei
905 795 1103 870 notabuntur,
1138 794 1190 870 qui
1223 794 1345 855 honoris
1377 812 1491 855 osussu
1522 795 1552 857 lu

428 893 624 955 divisionibus
664 894 800 970 duplices
838 901 940 972 partes
978 896 1172 972 accipiebant.
1234 897 1312 955 Nam
1357 896 1552 973 collegiorum

428 997 516 1056 sociis
545 997 698 1057 honoretis
724 997 754 1056 in
784 997 982 1059 divisionibus·
1008 1016 1232 1074 nonnumquam
1262 998 1332 1074 plus
1359 998 1466 1061 dutum
1488 1015 1553 1061 osso

429 1117 517 1175 quam
534 1100 640 1158 ceteris
660 1099 822 1175 compluria
845 1101 984 1177 exemplu
1006 1091 1151 1178 docont2)

205 1240 211 1247 -
281 1211 322 1258 De
341 1210 380 1259 tit.
518 1202 560 1261 At
580 1203 685 1262 herum
708 1221 809 1263 rerum
832 1204 921 1280 periti
944 1203 1056 1263 dudum
1077 1203 1173 1265 minuti
1200 1207 1303 1279 erunt,
1331 1222 1386 1265 cur
1404 1204 1552 1265 omiserim

244 1280 264 1327 1.
284 1279 318 1328 N.
339 1288 412 1391 ²5²5·
431 1305 565 1381 titulum.
581 1323 669 1381 quem
693 1323 788 1382 usque
811 1305 849 1363 sd
872 1306 952 1366 hunc
974 1283 1051 1365 diem
1075 1323 1177 1365 omnes
1199 1305 1237 1366 sd
1254 1305 1331 1370 hano
1346 1307 1554 1382 quaestionum

427 1402 631 1468 adhibuerunt
665 1408 696 1466 in
729 1426 825 1484 coque
855 1409 1016 1469 Hennenus
1048 1409 1098 1468 vel
1126 1410 1253 1471 monime
1283 1404 1398 1486 haesit,
1441 1408 1555 1471 nunu:

429 1510 467 1568 Α.
498 1508 609 1567 Arrius
642 1509 851 1583 Chrysanthus
878 1513 1099 1568 marmorarius
1130 1511 1291 1584 Arrpssstol.
1315 1511 1455 1571 Puteolis
1476 1511 1555 1585 ἀνρ-

424 1611 552 1685 plioiur.
584 1622 598 1668 1
630 1611 751 1671 Petrou.
781 1657 787 1669 .
815 1656 822 1671 .
853 1614 944 1681 LN.
964 1616 1056 1674 2525.
1108 1613 1154 1671 lix
1183 1613 1239 1671 hoc
1267 1612 1355 1673 titulo
1390 1613 1555 1675 Henueuus

429 1712 629 1789 colligendum
659 1732 724 1774 esse
754 1716 887 1792 censuit,
916 1716 1050 1776 Puteolis
1088 1715 1243 1791 collegium
1280 1715 1495 1792 Augustalium
1525 1716 1554 1775 in

430 1817 580 1899 centurius
610 1816 736 1875 divisum
765 1815 866 1877 fuisse.
895 1807 1027 1878 'Contra
1058 1836 1122 1876 mea
1145 1820 1190 1877 est
1212 1817 1326 1894 opinio,
1355 1817 1404 1876 hic
1434 1819 1553 1878 omnino

429 1936 489 1976 non
524 1917 582 1976 dici
615 1918 878 1994 Augustalium
914 1918 1134 1996 dupliciarium.
1195 1919 1327 1978 Primum
1364 1919 1444 1978 enim
1483 1920 1556 2003 tulis

429 2019 585 2080 divisionis
601 2022 631 2080 in
646 2023 751 2080 seviris
767 2022 840 2081 elias
861 2041 956 2099 poene
980 2023 1063 2084 nulls
1085 2025 1206 2081 exstant
1227 2019 1391 2097 vestigisii.
1430 2022 1555 2084 Deinde

430 2122 509 2197 qnod
539 2122 570 2181 in
600 2124 622 2182 l.
644 2125 681 2183 N.
705 2127 787 2184 2535
818 2125 942 2184 scholae
967 2138 982 2183 1
1012 2125 1131 2183 Petrou.
1163 2127 1448 2203 commemorantur,
1486 2109 1555 2184 num

430 2227 526 2287 credis
550 2226 676 2303 singulis
698 2229 826 2287 sevirum
851 2229 1008 2306 centuriis,
1038 2228 1062 2286 si
1085 2245 1193 2286 revers
1222 2227 1414 2305 exstitissent,
1437 2227 1555 2288 scholas

429 2331 567 2407 proprias
602 2330 717 2390 fuisse?
754 2331 795 2390 At
825 2348 898 2389 sune
929 2348 964 2392 eo
996 2348 1092 2406 usque
1122 2348 1269 2406 nusquam
1291 2329 1429 2389 videmus
1451 2331 1554 2407 Augu·

431 2432 548 2491 stolium
580 2433 708 2508 collegis
737 2433 844 2508 opibus
874 2432 1118 2492 circumfluxisse.
1168 2430 1226 2491 Sed
1258 2433 1324 2508 via,
1353 2449 1414 2508 qua
1445 2451 1483 2492 ex
1510 2432 1556 2492 his

431 2536 576 2612 angustiis
592 2535 762 2611 evadamus,
785 2535 871 2594 nobis
886 2537 1069 2594 monstretur
1085 2534 1172 2593 titulo
1188 2533 1350 2610 sepulcrali
1366 2534 1389 2593 I.
1400 2535 1442 2593 N.
1458 2536 1556 2596 2534:

434 2638 463 2696 0.
491 2636 633 2697 Caesonio
656 2637 834 2696 Eudtocouo
859 2637 949 2710 putri
971 2637 1079 2695 cultor.
1103 2647 1118 2693 1
1144 2635 1264 2694 Comei.
1290 2634 1326 2694 ob
1348 2637 1459 2697 merito
1480 2637 1555 2697 euos.
1568 2627 1579 2639 ⁹

432 2741 565 2815 Quorum
588 2741 665 2799 enim
688 2740 736 2799 hic
759 2740 869 2798 mentio
884 2738 918 2798 fit
941 2740 1079 2799 cultores
1102 2723 1120 2796 tv
1143 2736 1260 2811 Coruel.
1283 2737 1378 2798 tuisse
1393 2739 1557 2816 collegium

430 2843 638 2902 insueraticinm
661 2843 710 2901 vel
733 2842 875 2920 solutore,
897 2842 979 2918 quod
1002 2838 1157 2918 dicitur4)‚‘
1175 2841 1347 2917 quicunque
1361 2840 1467 2900 edocti
1487 2844 1558 2902 sunt

431 2945 468 3004 de
492 2946 693 3004 Romanorum
715 2963 748 3003 re
771 2944 967 3020 sodalicismu,
990 2947 1070 3003 certe
1094 2939 1302 3014 concedentf’).
1346 2943 1456 3018 Neque
1470 2943 1559 3003 sliter

432 3048 517 3106 etium
541 3047 708 3106 oculorium
730 3047 943 3113 Petronianum
965 3044 1197 3122 intellegendum
1220 3061 1285 3103 esse
1307 3062 1380 3103 sune
1394 3044 1560 3120 probabilis

432 3154 477 3209 ost
499 3149 680 3209 coniectura.
704 3149 831 3224 -Itaquc
855 3148 992 3224 equidem
1010 3165 1192 3225 *persuasum
1215 3145 1308 3206 habco
1332 3147 1559 3207 marmorarinm

431 3252 514 3310 illum
537 3251 572 3310 A.
594 3250 715 3310 Arrium
738 3251 830 3310 fuisse
852 3251 986 3309 Puteolis
1009 3250 1205 3326 Augustalem
1228 3248 1417 3324 eundemque
1439 3249 1560 3325 collegii

433 3354 600 3413 t'nneraticii
620 3354 671 3412 vel
693 3354 852 3429 saluteris,
882 3354 932 3413 cui
955 3353 1107 3440 centuriae
1129 3351 1330 3411 Petronianae
1352 3368 1460 3410 nomen
1484 3353 1560 3428 erut,

432 3456 648 3534 dupliciauium.

245 3575 285 3620 De
303 3572 417 3635 patronis
520 3560 581 3617 lam
606 3559 662 3618 hoc
683 3561 749 3635 ipso
772 3559 838 3618 loco
860 3559 947 3617 etiam
970 3557 1009 3616 de
1025 3558 1171 3630 patronis
1193 3556 1323 3614 sevirum
1347 3554 1560 3630 Augustalium

237 3641 514 3760 seVirunslAugupuue
543 3663 613 3721 mihi
636 3661 764 3721 dicenda
785 3661 927 3720 videntur
951 3659 1111 3719 absolvam.
1161 3658 1244 3731 Quos
1267 3676 1334 3716 cum
1357 3654 1560 3734 merlegium)

520 3878 540 3942 ¹)
558 3874 592 3930 cf.
611 3875 701 3928 Varro
720 3875 754 3927 dc
772 3874 789 3927 l.
809 3877 839 3928 L.
860 3879 884 3941 5,
904 3878 935 3926 00
955 3878 983 3926 et
1000 3872 1169 3940 Marquerdt.
1185 3872 1203 3924 l.
1217 3872 1233 3924 Ι.

518 3963 540 4025 ²)
558 3959 593 4014 cf.
611 3960 704 4014 Wilm.
723 3964 779 4014 319.
799 3962 856 4013 320.
994 3959 1017 4025 8)
1035 3956 1070 4011 cf.
1089 3957 1176 4011 Henz.
1195 3974 1221 4025 p.
1244 3961 1357 4023 316.,ct
1375 3970 1460 4024 supro
1477 3971 1505 4025 p.
1519 3961 1561 4012 35.

517 4050 539 4112 ⁴)
556 4044 591 4100 of.
612 4045 797 4099 01·.-Η.6086.
817 4051 845 4098 et
862 4044 898 4110 ΙΙ,
918 4048 975 4098 379.
1129 4049 1133 4055 '

518 4135 540 4197 5)
560 4130 687 4187 Cultores
699 4130 810 4199 proprie
829 4129 962 4183 dicuntur
980 4128 1048 4181 socii
1070 4127 1250 4196 collegiorum
1263 4124 1411 4180 funeratio.
1429 4126 1476 4179 vel
1488 4127 1562 4183 salu-

433 4217 532 4270 tarium
556 4214 591 4270 of.
616 4216 644 4269 Z.
663 4214 690 4268 S.
709 4215 727 4268 f.
753 4215 846 4284 gesch.
869 4212 1140 4268 Rechtswissensoh.
1168 4216 1231 4266 1850
1250 4229 1276 4281 p.
1290 4216 1340 4267 360
1357 4217 1386 4265 et
1405 4210 1435 4265 0.
1453 4211 1473 4267 J
1479 4210 1561 4281 shn,

433 4303 558 4357 be1·.dcs
577 4301 666 4355 siichs.
685 4299 821 4369 geselsch.
841 4300 891 4354 der
909 4300 952 4354 W.
975 4295 1344 4369 coenomanensem.
1364 4312 1385 4353 s.
1404 4312 1431 4354 v.

517 4387 605 4456 6)].1.
623 4401 650 4460 p.
669 4387 728 4440 202.
