3180 5370
424 385 485 448 122

423 563 520 622 tiones
541 567 714 639 spectantes
736 567 788 623 eut
810 564 978 624 honorarii:
1013 582 1073 623 noo
1097 567 1145 625 est
1166 565 1331 626 verisimile
1352 570 1415 629 tam
1439 567 1546 627 multos

423 684 461 724 cx
484 665 694 726 sacerdotibus.
711 667 741 724 in
763 667 893 742 Augusti
915 667 975 724 vivi
997 665 1142 726 honorem
1172 668 1316 729 institutis
1348 672 1414 729 tani
1435 672 1549 729 mature

423 772 555 827 mortuos
578 786 659 844 esse,
689 775 723 827 ut
752 768 840 828 huius
863 770 984 846 generis
1014 770 1118 829 titulos
1141 771 1281 848 Augusto
1313 770 1386 833 vivo
1422 769 1549 849 scriptos

422 888 503 930 nune
533 872 671 930 inventos
702 888 768 930 esse
804 888 927 930 neeesse
957 871 1002 931 sit.
1047 871 1259 934 DedicatIones
1292 877 1394 934 autem
1423 890 1548 950 opernm

422 974 612 1050 publicorum
643 980 676 1032 nt
707 974 852 1033 aseritis
882 972 945 1033 lieri
969 974 1116 1051 solerent,
1146 975 1302 1052 paullatim
1336 975 1461 1036 demum
1495 994 1548 1037 nou

424 1077 514 1136 veuit.
557 1077 696 1152 Denique
719 1076 799 1135 tituli
820 1075 971 1135 honorarii
1004 1077 1110 1135 seviris
1133 1079 1223 1154 positi
1252 1097 1318 1137 cum
1342 1080 1470 1139 omnino
1492 1096 1549 1139 non

422 1180 463 1236 ita
485 1197 574 1256 saepe
597 1179 674 1239 obvii
697 1180 774 1254 sint,
809 1184 872 1237 tum
894 1179 943 1237 vel
975 1180 1099 1239 maxime
1131 1179 1193 1239 rari
1222 1198 1288 1240 esse
1311 1179 1488 1240 debuerunt
1516 1198 1550 1241 eo

422 1289 575 1359 tempore,
598 1300 658 1359 quo
680 1282 724 1341 illi
748 1283 858 1358 locum,
887 1299 977 1358 quem
1000 1283 1126 1359 posthae
1157 1284 1188 1341 in
1210 1284 1383 1360 municipiis
1405 1283 1550 1359 obtinent

424 1390 505 1446 certe
546 1385 676 1445 nondum
709 1385 844 1444 adsecuti
876 1391 971 1444 erant
1029 1385 1110 1461 Ergo
1143 1387 1253 1461 optimo
1284 1387 1350 1446 iure
1388 1401 1550 1462 possumus

423 1490 557 1564 cogitare
580 1506 651 1547 casu
677 1487 786 1546 tactum
810 1505 892 1561 esse,
926 1488 950 1546 si
980 1505 1018 1546 ex
1045 1487 1092 1547 his
1114 1488 1208 1547 titulis
1238 1489 1358 1547 omnino
1391 1486 1549 1548 rarissimis

423 1592 525 1651 nullus
555 1590 654 1649 adhuc
676 1590 706 1648 in
729 1590 825 1649 lucem
852 1590 1025 1665 prodiisset.
1047 1619 1088 1628 —
1110 1592 1267 1651 Postremo
1300 1591 1459 1667 Zumptius
1470 1586 1493 1663 ¹)
1522 1593 1551 1650 et

423 1689 615 1764 llenzenus2)
639 1711 674 1752 eo
697 1695 805 1768 putant
828 1692 976 1751 contineri
999 1691 1147 1768 opinionis
1163 1710 1235 1753 suae
1251 1690 1551 1769 commendationem,

424 1796 505 1874 quod
521 1800 555 1855 nt
568 1797 688 1855 sodales
703 1795 886 1869 Augustales
905 1793 1083 1869 Claudiano,
1097 1794 1219 1854 sodales
1235 1796 1391 1867 Antonini,
1407 1797 1451 1854 ita
1463 1795 1550 1855 etiem

423 1900 515 1958 centri
530 1899 714 1973 Augustales
733 1897 905 1956 Claudioles
928 1898 977 1956 vel
999 1897 1149 1956 Flaviolce
1171 1901 1345 1957 occurrunt.
1391 1900 1455 1959 lam
1478 1915 1549 1957 vero

424 2001 607 2061 omniafere
631 2001 805 2077 complexus
829 2017 909 2073 sum,
933 2018 1011 2076 quae
1034 2000 1063 2058 hi
1086 2001 1141 2058 viri
1164 2000 1243 2059 docti
1265 2004 1324 2058 tom
1348 1999 1386 2058 ad
1410 2000 1551 2061 adversa·
1584 2048 1588 2057 .

423 2105 483 2164 rios
505 2102 686 2163 refellendos
708 2121 798 2178 quam
828 2102 866 2162 ad
890 2120 973 2161 suam
997 2104 1172 2162 sententiam
1196 2102 1448 2180 comprobandam
1471 2107 1547 2163 atta·

423 2208 530 2267 lerunt.
575 2206 715 2266 Ceterum
730 2201 924 2274 Hennenus3)
947 2204 1083 2265 consulto
1107 2205 1199 2264 adicit
1221 2206 1293 2264 satis
1316 2205 1412 2264 libere
1435 2206 1550 2265 serires

424 2310 606 2386 Augustales
622 2307 770 2368 sodalium
786 2309 939 2383 exemplar
954 2306 1084 2366 imitatos
1099 2325 1172 2381 esse,
1189 2309 1229 2366 ita
1245 2307 1396 2372 uteorum
1411 2307 1552 2369 instituta

426 2411 563 2490 quamvis
585 2411 616 2470 in
639 2412 812 2470 universum
835 2411 941 2469 similia
969 2414 1069 2469 tamen
1096 2410 1184 2470 etiam
1214 2409 1408 2470 multifariam
1431 2410 1551 2471 varient

424 2522 453 2577 et
474 2517 552 2575 inter
576 2532 608 2573 se
631 2513 810 2590 discrepent.
855 2514 895 2572 At
911 2512 1062 2572 enimvero
1079 2513 1156 2572 hano
1172 2513 1403 2590 discrepantiam
1427 2513 1548 2579 minime

422 2623 536 2690 tantam
561 2633 626 2676 esse
650 2619 790 2692 quantam
814 2616 975 2675 Hennenus
998 2619 1134 2694 putaret,
1164 2633 1256 2690 snpra
1277 2616 1308 2675 in
1332 2615 1434 2675 multis
1457 2617 1548 2679 rebus

424 2716 662 2791 demonstravi.⁴)

948 2970 963 3032 ς
981 2970 1021 3019 2Ί.

715 3072 820 3125 Auctor
838 3070 1004 3125 sententiam
1022 3085 1104 3122 soom
1122 3070 1252 3140 exponit.

236 3197 317 3245 Seviri
334 3197 406 3260 Aug.
510 3184 601 3243 Nunc
630 3184 695 3259 ipse
723 3182 794 3258 quid
829 3180 866 3240 de
898 3181 954 3239 hac
988 3181 1195 3241 controversia
1227 3182 1352 3239 sentiam
1385 3181 1552 3258 explicabo.

260 3335 265 3344 .
295 3283 351 3344 .¹¹⁰¹¹
425 3287 472 3346 Ac
494 3287 620 3362 primum
637 3285 755 3362 quidem
772 3284 883 3362 Eggeri
907 3290 936 3344 et
952 3282 1139 3360 Merquardti
1162 3288 1371 3359 argumentum
1394 3281 1552 3344 adiversi·

231 3342 411 3466 soffilteasnrtllffg.
425 3393 485 3449 tate
508 3387 690 3448 condicionis
712 3387 858 3447 sodalium
882 3392 911 3447 et
934 3387 1064 3447 sevirum
1080 3386 1291 3463 Augustalium
1315 3386 1475 3462 repetitum
1498 3384 1548 3445 ad-

423 3493 548 3552 versarii
579 3491 663 3550 nullo
687 3490 773 3550 modo
804 3494 969 3567 potuerunt
997 3489 1138 3567 frangere
1166 3490 1215 3548 vel
1247 3488 1420 3548 dissolvere.
1474 3490 1551 3549 Nam

423 3612 500 3671 quae
522 3614 550 3670 p.
575 3597 615 3652 22
639 3594 794 3670 Zumptius
819 3593 1048 3654 contradicere
1072 3595 1198 3652 conatus
1222 3596 1283 3668 est,
1312 3590 1549 3669 aMarquardto

425 3717 453 3774 p.
477 3699 536 3757 501
562 3714 600 3756 ss.
623 3697 697 3755 satis
720 3695 850 3755 refutata
873 3692 978 3766 eunti)
1024 3695 1071 3754 Ad
1094 3696 1152 3754 hoc
1174 3698 1305 3772 reputes,
1329 3694 1359 3752 id
1376 3690 1457 3770 qu'od
1475 3696 1551 3755 Mar·

427 3800 553 3876 quardto
574 3803 646 3858 tuno
670 3817 730 3857 non
754 3801 786 3857 ut
808 3798 896 3858 hodie
920 3798 1004 3858 nobis
1029 3799 1181 3874 cognitum
1204 3801 1277 3874 eret,
1300 3797 1331 3856 in
1347 3795 1551 3872 compluribus

513 4032 534 4095 ¹)
551 4045 578 4097 p.
603 4032 641 4083 to.
795 4030 817 4094 2)
836 4045 863 4097 p.
882 4030 931 4080 290
950 4042 971 4081 s.
1125 4029 1147 4095 ³)
1165 4045 1191 4096 p.
1212 4030 1257 4080 291
1280 4030 1330 4082 ss.

491 4104 532 4180 ¹⁴)
551 4114 584 4168 ct.
603 4114 720 4168 maxime
739 4131 766 4182 p.
786 4119 817 4168 33
825 4130 862 4168 ss.
882 4117 959 4167 oles.

511 4204 533 4269 ⁶)
551 4202 661 4265 Quanta
679 4216 694 4254 e
713 4199 849 4254 contrario
867 4199 1013 4268 collegium
1033 4198 1168 4253 sodalium
1187 4193 1264 4266 Aug.
1284 4197 1386 4252 suisset
1404 4198 1551 4267 dignitate,

425 4286 582 4354 nuperrime
595 4284 750 4339 Dessavius
768 4286 848 4338 etiam
868 4284 1039 4340 luculentius
1051 4284 1206 4338 illustravit
1218 4283 1278 4354 eph.
1291 4283 1379 4352 epigr.
1392 4283 1443 4352 Ill,
1457 4288 1550 4339 tonse.

423 4371 573 4442 praecipue
591 4374 648 4424 208.
