3142 5138
1138 474 1262 558 *os

138 670 298 745 municipia
315 670 356 728 vad
373 670 485 728 cultum
502 657 633 746 Augusti
650 669 811 729 fovendum
832 690 849 728 a
869 674 975 730 senatu
1001 672 1262 747 magistratibusvo

138 772 260 832 urbanis
292 772 481 831 multifariam
510 774 639 831 excitata
666 777 697 831 et
728 773 857 849 quodam
886 773 974 834 modo
997 777 1101 833 coacta
1123 793 1188 833 esse
1210 775 1262 833 iur-

137 873 313 951 probavit¹)
370 874 511 933 Similiter
542 893 599 950 ego
629 893 766 951 qnoque,
800 894 893 951 penes
929 894 1005 952 quos
1037 883 1102 935 erat
1128 877 1157 935 in
1189 879 1263 936 urbs

136 981 286 1054 potestas,
318 995 433 1036 omnem
464 995 585 1053 operam
617 979 778 1037 contulisse
809 979 945 1038 existimo
975 980 1005 1038 in
1032 980 1262 1054 Augustalitatis

104 1079 106 1082 ’
136 1081 301 1140 institutum
337 1079 482 1139 tuendum
521 1085 552 1138 et
589 1081 701 1156 ubique
738 1080 970 1161 divolgandum‚
1006 1083 1062 1142 etsi
1098 1083 1262 1159 plerasque

137 1183 271 1242 civitates
302 1184 473 1242 voluntario
501 1184 629 1259 Augusti
652 1183 772 1242 colendi
797 1184 897 1243 studio
928 1184 1089 1244 admodum
1118 1185 1261 1260 flagrasse
1341 1201 1354 1217 ²

136 1304 196 1345 non
214 1287 328 1361 ignoro.
373 1286 433 1344 lsta
454 1291 553 1343 autem
576 1304 650 1344 cura
672 1287 708 1344 ad
725 1305 885 1362 quemnam
900 1288 995 1364 magis
1012 1287 1158 1347 attinebat
1172 1306 1260 1362 quam

136 1387 173 1462 ad
202 1387 373 1465 pontificem
404 1389 588 1447 maximnm?
632 1389 682 1448 Uti
714 1389 806 1463 igitur
832 1391 945 1448 Romae
973 1388 1143 1465 Augustus,
1180 1392 1261 1466 post·

136 1507 224 1566 quam
248 1490 382 1567 pontifex
406 1492 552 1550 maximus
574 1490 672 1549 sactus
694 1496 757 1567 est,
787 1491 897 1550 cultum
920 1491 1033 1551 Larum
1063 1496 1093 1550 et
1114 1493 1194 1568 genii
1215 1493 1261 1551 sui

24 1674 31 1682 ¹
136 1591 253 1680 publice
286 1593 414 1652 instituit
444 1597 474 1652 et
512 1594 702 1669 pervulgarit
735 1597 765 1652 et
799 1594 866 1653 aliis
903 1612 1025 1670 quoque
1060 1592 1260 1667 rationibns²)

137 1695 352 1754 multitudinem
375 1695 513 1770 religioni
537 1696 643 1755 domus
666 1713 738 1755 suae
761 1698 878 1757 curavit
893 1697 1146 1774 obstringendam‚
1168 1696 1260 1756 multo

136 1798 229 1873 magis
250 1799 280 1856 in
304 1799 471 1873 municipiis
493 1817 561 1857 oum
581 1799 687 1858 ltaliae
708 1803 769 1857 tum
786 1801 1009 1875 provinciarum
1026 1807 1260 1859 consentaneum
1337 1816 1339 1819 ·

136 1903 180 1958 est
203 1917 269 1959 eum
293 1918 381 1976 quam
405 1902 530 1959 maxime
553 1909 655 1978 posset
677 1920 799 1977 operam
824 1902 942 1961 dedisse
964 1903 1152 1962 venerationi
1180 1902 1260 1961 ultro

136 2003 192 2062 sibi
222 2003 340 2062 oblatae
372 2003 543 2063 incitandae
571 2009 601 2062 et
632 2001 829 2080 augendaei).
881 2005 947 2077 Quo
971 2006 1000 2063 in
1023 2023 1133 2080 genere
1155 2005 1208 2063 tibi
1230 2005 1259 2063 in

136 2107 302 2164 memoriam
333 2123 458 2164 revoces
487 2124 555 2166 aras
578 2107 764 2182 consiliaque
786 2107 1008 2182 provinciarum
1031 2124 1066 2165 ac
1089 2105 1260 2165 sacerdotes

136 2207 245 2266 Romae
274 2213 304 2266 et
334 2209 461 2283 Augusti
490 2209 547 2266 iam
578 2227 613 2268 eo
636 2211 704 2268 vivo
727 2210 893 2286 institutos,
925 2201 1136 2287 quaomnia,
1166 2207 1258 2267 ulad

135 2309 308 2386 religionem
325 2316 464 2388 spectant
479 2330 539 2371 non
556 2314 651 2387 magis
667 2331 756 2388 qnam
773 2312 810 2370 ad
826 2330 888 2371 rem
900 2312 1049 2389 publicam
1060 2308 1260 2390 gerendam),

134 2434 193 2475 non
224 2416 288 2473 sine
318 2414 507 2490 imperatoris
536 2415 716 2473 auctoritate
746 2415 795 2473 vel
820 2416 991 2475 interventu
1015 2417 1184 2475 constitisse
1207 2417 1258 2475 vix

134 2519 289 2600 quisquam
319 2516 449 2592 negabit
502 2517 542 2575 Et
571 2534 634 2574 cum
659 2517 696 2574 ad
720 2517 920 2577 sacerdotium
943 2518 1152 2576 flamoniumve
1176 2518 1257 2577 nobi-

132 2620 251 2686 lissimis
280 2623 394 2677 tanturn
425 2619 606 2694 municipum
639 2618 738 2678 aditus
768 2624 898 2695 pateret,
922 2625 1002 2678 certe
1023 2621 1183 2696 plurimum
1208 2621 1259 2679 im·

132 2722 279 2799 peratoris
307 2721 453 2780 interesse
484 2721 604 2797 debuit,
640 2724 672 2781 ut
711 2723 799 2780 etiam
837 2721 933 2798 plebis
971 2720 1190 2781 multitudinem
1222 2741 1258 2782 ae
1361 2732 1364 2738 '

133 2823 341 2907 libertinorum
373 2823 490 2882 turbam
521 2822 575 2880 sibi
606 2822 779 2882 devinciret.
824 2823 978 2883 Aofaebe
1000 2823 1029 2883 id
1053 2823 1181 2901 adeptus
1204 2828 1258 2883 est.

133 2926 208 2985 Nam
231 2925 313 3001 qnod
335 2926 498 2985 nonnullae
522 2926 657 2985 civitates
684 2943 737 2984 sex
760 2926 932 2986 sacerdotes
956 2927 1081 3002 Augusti
1111 2925 1148 2986 de
1171 2927 1258 3003 plebe

132 3031 163 3087 et
184 3029 310 3087 manime
333 3027 370 3086 de
392 3028 537 3088 libertinis
561 3030 722 3104 quotannis
743 3029 845 3106 legere
867 3034 973 3106 sponte
996 3033 1167 3105 coeperant
1190 3047 1258 3087 cum

134 3129 256 3202 videret
279 3134 392 3206 quanto
415 3149 506 3206 opere
528 3132 585 3190 boc
608 3131 775 3190 institutum
798 3133 920 3190 istorum
939 3132 1088 3191 hominum
1105 3132 1258 3191 ambitioni

133 3232 331 3308 satisfaceret,
361 3232 434 3292 illud
466 3234 539 3291 nibil
572 3251 696 3310 curare,
725 3252 784 3292 non
814 3235 917 3293 iuvare
948 3252 1042 3310 prope
1065 3252 1124 3292 uon
1152 3233 1257 3310 potuit,

133 3335 220 3395 immo
249 3335 325 3393 nibil
354 3336 507 3411 antiquius
545 3336 656 3394 habere
694 3335 814 3412 debuit,
848 3354 936 3411 quam
972 3341 1006 3395 nt
1036 3337 1100 3395 eius
1132 3335 1255 3395 tutelam

134 3441 306 3513 capesseret
335 3439 422 3513 eique
452 3438 648 3514 propagando
679 3456 799 3514 operam
831 3437 925 3496 daret.
983 3439 1089 3514 Neque
1123 3455 1254 3513 compre·

133 3539 244 3616 bonde,
267 3557 324 3616 qua
355 3540 552 3599 alienatione
574 3539 638 3599 fieri
660 3541 806 3617 potuerit,
836 3543 870 3599 ut
902 3541 958 3599 boo
986 3541 1151 3599 institutum
1183 3541 1256 3599 satis

133 3641 284 3716 singulare
327 3645 358 3700 et
393 3641 475 3718 qnod
517 3641 625 3701 urbani
662 3643 832 3717 exemplum
869 3646 952 3702 certe
990 3642 1159 3700 accuratius
1195 3661 1256 3701 non
1358 3717 1362 3722 „

220 3873 238 3935 ¹)
257 3888 284 3939 p.
300 3875 358 3924 510.
371 3870 434 3923 adn.
451 3873 488 3924 15.
508 3869 613 3925 Videas
632 3871 781 3939 praecipue
799 3871 861 3924 Dio.
882 3860 958 3926 cais.
979 3875 1019 3937 56,
1037 3874 1083 3923 lli:
1108 3865 1183 3923 ..τὰ
1201 3867 1256 3937 μὲν

134 3948 262 4009 ἑκόντων
279 3951 312 4023 δὴ
331 3960 390 4010 τῶν
403 3951 500 4024 δήμων
517 3950 553 4009 τὰ
572 3953 601 4011 δὲ
621 3954 671 4009 καὶ
690 3948 860 4010 ἀκόντων.
896 3956 962 4008 Tac.
980 3971 1044 4008 ann.
1057 3960 1081 4023 4,
1095 3960 1139 4009 36:
1160 3954 1254 4010 Obiec-

136 4045 164 4095 to
177 4041 289 4111 publice
309 4040 453 4112 Cycizeuis
473 4041 582 4096 incuria
601 4041 833 4100 caerimoniarum
845 4039 881 4095 D.
899 4041 1025 4111 Augusti.
1257 4108 1259 4112 Α

218 4128 241 4191 ²)
258 4143 285 4178 v.
299 4142 321 4178 o.
340 4125 497 4179 memineris
510 4126 618 4179 macelli
637 4126 732 4180 Liviae
751 4141 775 4178 a.
789 4132 802 4178 7
822 4142 845 4179 a.
860 4126 923 4180 Chr.
935 4142 961 4178 n.
976 4125 1107 4191 dedicati,
1126 4126 1160 4179 de
1173 4125 1254 4180 euius

133 4210 316 4264 dedicationis
328 4210 442 4264 notione
460 4211 598 4277 conferas,
610 4211 685 4279 quod
697 4211 833 4266 Nissenus
845 4227 937 4280 pomp.
951 4211 1024 4264 stud.
1040 4214 1103 4263 1877
1116 4227 1143 4279 p.
1157 4213 1206 4264 ²84
1217 4226 1255 4265 ss.

130 4295 275 4364 ingeniose
293 4296 431 4364 exposuit.

216 4383 239 4446 ³)
256 4379 293 4434 cf.
311 4380 412 4434 Nissen
429 4381 478 4435 1.'l.
496 4397 522 4449 p.
536 4386 585 4435 857
604 4386 633 4435 et
651 4398 677 4449 p.
693 4384 748 4434 182.

142 4514 145 4521 .
216 4470 239 4533 ⁴)
255 4466 291 4520 cf.
309 4467 427 4521 maxime
445 4467 613 4535 llarqnardt.
631 4465 738 4535 ephem.
756 4465 845 4536 epigr.
866 4470 929 4520 1872
948 4483 974 4536 p.
989 4468 1143 4520 ibo-214.
