3180 5370
1118 385 1176 452 ltu

54 588 145 630 unum
169 584 282 628 anuum¹
301 567 470 644 perfectum·
489 571 535 626 est
544 563 582 642 ¹),
613 567 778 642 municipes
808 584 863 626 sua
889 571 997 642 sponte
1022 567 1097 625 alios
1118 566 1177 624 alio

54 675 140 732 modo
170 675 226 731 iam
255 671 328 729 illud
358 670 467 729 imitari
493 671 644 746 coepisse.
675 664 757 742 'Quo
780 668 890 729 lactum
914 673 972 744 est,
996 675 1028 727 ut
1051 669 1098 727 hic
1120 669 1178 727 vici

53 775 210 849 mouisti,
234 773 293 832 illic
320 773 461 846 monium·
483 772 595 830 Locum
618 775 693 845 Aue.
716 773 954 831 instituerentur.
998 771 1076 843 Quia
1099 772 1176 830 enim

55 878 218 953 municipia
241 876 398 934 maximam
421 879 535 950 partem
559 880 644 934 erant
666 876 782 933 minora
811 890 899 949 quam
923 875 1030 949 quibus
1045 875 1177 932 vicorum

54 980 161 1039 divisio
192 979 382 1055 conveniret,
418 995 526 1037 nornen
549 978 818 1052 vicimagistrorum
846 995 913 1035 oum
936 977 1030 1036 altero
1058 964 1178 1035 nomine

54 1084 174 1158 saepius
204 1086 403 1140 mutaverunt.
413 1077 437 1152 ²)
486 1080 529 1138 Re
561 1084 660 1138 tamen
683 1084 828 1155 utrosque
856 1080 963 1155 opinor
985 1098 1045 1139 non
1068 1078 1177 1138 discre-

54 1203 152 1261 passe.
205 1184 258 1243 Oui
287 1181 419 1259 opinioni
448 1199 508 1240 non
532 1181 644 1257 obstat,
675 1181 756 1258 quod
777 1181 930 1240 nonnullis
953 1182 982 1239 ln
1007 1181 1177 1240 civitatibus

55 1291 216 1362 utrumque
239 1298 336 1362 genus
359 1285 445 1344 simul
468 1285 628 1343 invenitur.
673 1285 840 1342 Nemeum
864 1283 927 1342 dies
949 1281 1041 1343 festos
1064 1286 1094 1343 in
1117 1286 1178 1343 Au-

55 1377 144 1462 gusti
157 1395 187 1448 et
209 1389 315 1448 domus
339 1388 458 1446 divinae
479 1388 621 1446 honorem
638 1388 695 1445 iam
710 1394 783 1445 tunc
800 1386 879 1445 haud
895 1405 1007 1462 paucos
1023 1388 1177 1473 celebrare

54 1493 85 1550 iu
115 1508 201 1550 usum
232 1491 372 1567 venisset,
399 1507 437 1549 ne
468 1489 562 1548 eidem
590 1490 678 1547 nimis
708 1494 920 1564 onerarentur,
958 1494 1077 1564 praeter·
1106 1491 1178 1548 uici·

55 1596 218 1668 magistros
248 1599 336 1652 antea
366 1593 524 1667 adoptatos
546 1593 634 1651 etiam
657 1592 819 1664 montanos
841 1591 971 1664 Larum,
1002 1610 1078 1668 quos
1099 1593 1178 1651 aliae

56 1675 190 1755 civitates
212 1696 250 1754 ab
272 1696 356 1754 initio
378 1696 596 1771 praetulerant,
623 1693 661 1752 ad
684 1712 770 1752 sacra
794 1694 941 1770 ludosque
963 1697 1052 1754 certis
1075 1695 1179 1754 diebus

55 1798 194 1859 facienda
224 1798 366 1857 iuducere
398 1797 441 1856 eis
472 1797 655 1856 conveniens
684 1797 781 1855 videri
810 1798 916 1872 potuit.
964 1799 1004 1856 At
1026 1799 1178 1859 enimvero

56 1905 184 1976 utraque
213 1901 339 1959 instituti
372 1901 479 1959 urbani
508 1899 634 1959 imitatio
660 1898 837 1975 imperfecta
866 1916 932 1959 esse
955 1900 1058 1960 debuit
1079 1921 1178 1978 neque

56 2005 118 2063 ullo
149 2002 237 2061 modo
259 2005 357 2078 potuit
379 2003 507 2078 exempli
529 2000 755 2077 amplitudinem
778 2003 906 2077 assequi.
949 2005 1087 2080 Namque
1111 2024 1177 2064 cum

55 2108 85 2163 in
115 2105 189 2164 urbe
218 2106 286 2182 plus
318 2106 397 2164 mille
424 2112 526 2165 essent
547 2106 623 2165 tales
645 2105 778 2182 magistri
802 2106 831 2164 in
855 2105 1001 2184 ducentos
1024 2109 1179 2183 sexaginta

56 2207 189 2283 quinque
225 2210 309 2267 uicos
345 2208 514 2285 distributi,
556 2208 784 2283 municipiorum
827 2209 972 2284 pleraque
1015 2210 1084 2285 plus
1127 2211 1179 2269 uni

56 2311 106 2368 vel
144 2310 262 2369 duobus
300 2316 444 2386 quattuor
475 2312 626 2370 bominum
659 2311 793 2386 collegiis
825 2311 888 2369 lere
925 2329 985 2370 non
1018 2312 1178 2388 respoude-

55 2412 136 2471 bant.
180 2411 268 2484 Quod
292 2415 363 2488 quia
384 2418 616 2490 perspexerant,
646 2413 858 2497 nonnullorum
889 2412 1067 2488 oppidorum
1099 2417 1180 2474 cives

56 2520 200 2574 accurata
223 2514 304 2573 urbis
327 2516 526 2586 aemulatione
549 2515 678 2593 abiecta,
708 2522 742 2574 nt
763 2520 862 2575 temen
899 2534 990 2592 quarn
1021 2510 1178 2593 plurimum

56 2622 183 2694 possent
205 2617 328 2676 bononis
355 2618 485 2694 principi
516 2619 697 2695 tribuerent,
727 2618 764 2677 ad
790 2617 964 2694 pontificum
994 2603 1178 2679 coloniarum

57 2721 217 2796 imaginem
241 2737 294 2778 sex
317 2721 397 2779 viros
418 2721 601 2795 Augustales
628 2722 655 2779 ei
677 2738 797 2780 creasse
819 2721 943 2780 conicio.
991 2723 1129 2799 Namque
1149 2724 1179 2783 in

56 2823 194 2898 Zumptio
217 2821 400 2898 refellendo,
423 2823 536 2897 quippe
559 2823 610 2897 qui
633 2822 671 2895 ab
693 2825 826 2899 equitum
849 2825 1050 2883 Romanorum
1074 2827 1179 2884 seviris

57 2943 216 2984 nnmerum
246 2926 376 2983 sevirum
408 2924 629 2999 municipalium
659 2926 824 3003 repetierit,
849 2943 888 2985 ne
910 2927 1035 2986 verbum
1058 2927 1178 3002 quidem

58 3044 246 3105 consumam,
277 3029 416 3102 quoniam
454 3027 484 3084 id
513 3031 710 3086 commentum
742 3029 799 3086 iam
829 3033 920 3088 antea
957 3027 1179 3107 Borghesius3),

55 3132 116 3187 tum
133 3126 385 3205 Marquardtnsll,
407 3126 600 3201 Hennenusll
623 3130 695 3188 satis
713 3147 864 3204 superque
880 3131 1073 3207 castigarunt
1116 3135 1178 3191 lam

56 3249 129 3290 vero
166 3234 251 3291 istam
274 3233 435 3308 rationem,
468 3232 540 3306 qula
562 3250 721 3307 perquam,
754 3238 836 3308 puto,
858 3232 1028 3293 civitatibus
1058 3234 1179 3312 placuit,

56 3334 270 3394 studiosissime
298 3335 444 3410 plurimae
471 3335 626 3410 amplexae
649 3337 727 3394 sunt
770 3336 878 3410 Neque
899 3338 997 3395 minus
1020 3337 1178 3396 Gaesarem

56 3439 237 3514 Augustum,
259 3438 430 3514 pontificem
452 3436 621 3514 maximum,
643 3454 708 3495 cum
725 3439 808 3496 cultu
824 3436 937 3498 urbano
953 3439 1025 3498 satis
1039 3439 1178 3499 ordinato

145 3686 165 3748 ¹)
183 3682 218 3738 cf.
237 3683 361 3738 Henzeu.
380 3684 449 3739 bull.
471 3688 530 3738 1871
552 3702 579 3754 p.
601 3689 656 3738 149.
681 3671 800 3738 Nissen.
819 3700 911 3754 pomp.
930 3684 1004 3739 stud.
1023 3701 1050 3754 p.
1070 3690 1126 3739 183.

142 3771 165 3833 ²)
184 3767 217 3821 In
234 3767 287 3822 hoc
306 3784 409 3837 sequor
425 3769 634 3839 lllarquardtnm
653 3786 679 3838 p.
699 3773 756 3823 512.
791 3769 860 3822 Nam
880 3769 903 3822 si
922 3785 1031 3837 revera,
1056 3780 1088 3825 ut
1105 3773 1178 3826 Hen-

56 3870 144 3909 zeuus
167 3854 273 3910 mavolt
295 3870 322 3922 p.
343 3859 388 3908 197
409 3870 439 3922 a,
463 3855 520 3909 vicl
543 3861 571 3910 et
599 3845 781 3922 vicimagistri
809 3854 969 3925 ubicunque
995 3856 1178 3922 exstitissent,

56 3947 282 4010 exspectaremus
301 3940 387 3994 multo
405 3942 534 3995 maiorem
548 3955 611 3995 esse
628 3955 770 3995 numerum
783 3939 935 4008 titulorum,
953 3941 1057 4009 quibus
1068 3942 1177 3997 illorum

55 4024 187 4080 memoria
204 4031 370 4080 servaretur.

142 4113 164 4176 ⁸)
181 4111 248 4166 buil.
271 4113 342 4179 reat,
360 4128 386 4180 p.
408 4116 463 4166 roe.
618 4120 626 4140 ·
664 4112 690 4178 ¹⁴)
708 4127 735 4180 p.
754 4115 811 4165 coe.
831 4113 887 4165 soe.
996 4102 1000 4117 “

142 4201 165 4266 ⁵)
182 4214 209 4267 p.
227 4199 285 4250 293.
303 4225 336 4235 —
355 4197 482 4250 Errorem
500 4194 661 4265 Borghesil,
685 4196 734 4265 qui
752 4212 769 4250 a
787 4197 923 4251 sodalium
941 4196 1017 4266 Aug.
1036 4197 1178 4266 magistris

56 4284 177 4339 sevirum
199 4297 341 4337 nnmerum
360 4283 449 4337 voluit
466 4283 613 4352 repetitum
632 4297 703 4351 esse,
720 4283 801 4349 (ball.
823 4285 887 4337 1842
904 4299 932 4351 p.
953 4287 1012 4348 tol)
1029 4282 1178 4339 Henaeuus

55 4369 183 4424 correxit.
200 4384 228 4438 p.
247 4371 295 4423 289
314 4384 336 4423 s.
