3142 5138
321 408 361 466 22

321 586 374 640 est.
417 581 554 656 Namque
576 577 615 638 ad
637 580 735 638 seviro
758 578 921 656 creandos,
948 580 1108 637 utiterum
1132 576 1246 653 dicam,
1270 576 1353 635 'istae
1382 557 1443 635 lomx

321 684 417 743 mulae
442 681 562 742 omnino
588 689 648 740 nori
671 684 817 758 spectaut.
852 681 935 741 Haec
962 680 999 739 de
1024 679 1179 741 titulorum
1195 677 1443 755 interpretatione

319 785 478 846 sufficiant.

405 887 485 961 Quid
508 887 601 947 vero?
643 887 753 946 Nonne
776 885 872 945 eidem
895 885 996 945 valent
1018 883 1056 943 ad
1079 884 1257 944 sententiam
1274 883 1310 941 de
1331 881 1443 942 ordinis

320 991 528 1069 Augustalium
552 990 665 1067 origine
688 1007 781 1067 supra
803 989 977 1065 expositam,
999 986 1080 1047 unde
1101 990 1164 1047 tota
1187 986 1262 1046 haec
1277 985 1442 1062 disputatio

321 1110 428 1153 exorsa
448 1096 502 1171 est,
524 1090 760 1152 labefactandam
776 1091 826 1151 vel
842 1088 1059 1152 evertendam?
1081 1091 1157 1149 Nam
1181 1106 1247 1171 cum
1269 1088 1309 1148 ibi
1331 1088 1442 1148 sevira-
1522 1076 1525 1081 ’

320 1201 368 1254 tus
386 1194 643 1255 administratione
658 1193 911 1271 Augustalitatem
931 1193 1047 1269 acquiri
1069 1192 1230 1270 docuerlm,
1251 1191 1300 1250 hic
1321 1191 1464 1267 speciali·

274 1359 277 1364 ,
321 1297 516 1357 decurionum
539 1297 658 1356 decreto
673 1297 855 1373 Augustales
878 1296 974 1356 factos
996 1313 1062 1355 esse
1085 1294 1236 1353 discimus.
1273 1293 1372 1368 Quid?
1394 1294 1442 1354 Au
1497 1338 1502 1344 ·

319 1404 420 1459 tamen
443 1398 587 1459 obtinebit
609 1399 762 1475 Zumptius
783 1398 965 1475 Augustales
988 1396 1123 1474 quidem,
1152 1395 1266 1456 ordinis
1288 1395 1403 1473 socios,
1425 1416 1443 1456 a

321 1501 532 1561 decurionibus
553 1502 647 1561 lectos
669 1490 749 1579 esse,
772 1500 825 1562 sed
848 1501 976 1577 seviros,
999 1498 1112 1560 ordinis
1135 1499 1308 1576 magistros,
1334 1497 1443 1559 deinde

204 1592 213 1606 '
321 1607 402 1682 ipsos
424 1604 482 1663 sibi
502 1601 737 1680 praefecisse?¹)
769 1603 817 1664 vel
839 1604 1019 1678 Hennenus,
1041 1601 1250 1678 Augustalium
1274 1600 1403 1678 collegla
1425 1620 1444 1661 a

321 1706 532 1766 decurionibus
561 1705 688 1782 primum
717 1707 854 1765 instituta
883 1705 919 1765 ab
932 1704 936 1712 '
951 1704 1061 1765 eisdem
1090 1703 1196 1764 deinde
1219 1704 1334 1764 saviros
1355 1720 1443 1781 prae·

305 1808 466 1885 ¹sectorum
488 1809 554 1868 loco
582 1805 787 1884 accepissell)
830 1809 939 1868 Nonne
960 1807 1065 1867 titulus
1079 1807 1250 1866 Verulanus
1273 1826 1301 1866 n.
1326 1810 1362 1865 11
1387 1824 1444 1866 nec

211 1980 217 1985 ,
322 1912 419 1970 minus
441 1911 551 1979 Veiens
573 1915 602 1970 et
622 1911 809 1970 Interamnae
831 1914 893 1970 n.9
917 1914 947 1970 et
970 1913 1009 1970 10
1032 1910 1113 1969 clare
1136 1911 1285 1969 testantur
1307 1908 1444 1986 collegia,

321 2012 358 2071 de
381 2013 490 2090 quibus
512 2013 638 2091 agimus,
660 2015 824 2089 composita
846 2012 938 2072 luisse
962 2016 991 2072 et
1012 2031 1050 2072 ex
1064 2011 1170 2072 seviris
1185 2012 1249 2071 sive
1264 2011 1442 2071 seviralibu's
1464 2054 1468 2062 .
1541 2050 1544 2054 -

321 2119 351 2197 et
374 2134 411 2175 ex
432 2114 662 2192 Augustalibus,
692 2116 710 2174 i.
731 2134 757 2175 e.
779 2116 810 2175 in
832 2115 875 2175 eis
897 2116 985 2175 etiam
1014 2113 1121 2190 fuisse,
1153 2115 1205 2190 qui
1227 2114 1442 2175 seviratunon

321 2220 422 2278 esseut
443 2214 594 2289 functiii)

406 2318 462 2378 Hic
484 2319 569 2378 iuvat
590 2319 745 2396 adnotare,
766 2320 943 2379 Hennenum
965 2338 983 2377 a
1004 2318 1092 2378 tltulo
1115 2340 1144 2378 n.
1168 2322 1184 2378 1
1207 2318 1351 2396 imprimis
1372 2332 1443 2396 pro·

320 2422 431 2482 fectum
447 2421 522 2481 duas
537 2422 626 2481 huius
641 2423 767 2482 instituti
783 2422 961 2482 mutationes
976 2420 1139 2482 Mediolani
1156 2420 1251 2481 lactas
1267 2419 1443 2495 statuisse.⁴)

321 2525 394 2584 Oum
425 2524 502 2583 enim
533 2525 630 2602 primo
658 2524 698 2583 ibi
720 2525 930 2601 Augustalium
963 2524 1120 2601 collegium
1149 2525 1206 2584 hoc
1234 2525 1299 2601 ipso
1322 2524 1443 2585 nomine

321 2626 502 2704 adpellatum
531 2627 679 2687 exstitisse
710 2644 747 2686 ex
775 2627 826 2687 illo
849 2627 935 2686 titulo
959 2625 1149 2703 appareat5),
1179 2627 1322 2702 temporis
1344 2608 1442 2703 spatio

321 2730 476 2788 interiecto
513 2730 627 2789 seviros
665 2748 700 2788 ac
736 2729 851 2789 sevir-os
882 2729 1065 2806 Augustales
1095 2729 1261 2806 institutos,
1290 2732 1442 2805 postremo

321 2833 419 2890 autem
441 2830 535 2890 altera
551 2833 714 2891 mutatione
730 2831 811 2891 facta
826 2832 940 2891 seviros
955 2832 1088 2892 seniores
1103 2834 1132 2892 et
1147 2832 1281 2892 iuniores
1296 2831 1443 2892 discretos

322 2950 386 2993 esse
409 2932 491 2993 dicit.

853 3129 911 3198 §a

617 3228 807 3301 Difficultotes
824 3231 974 3301 expositae
991 3231 1145 3286 colorantur.
1352 3296 1355 3303 Ι

151 3352 289 3430 Quomodo
409 3341 449 3400 At
469 3341 528 3400 iam
551 3339 622 3400 satis
645 3358 796 3418 superque
812 3339 1020 3400 difficultatum
1036 3343 1262 3404 cumulavimus.
1304 3342 1442 3421 Agedum

131 3420 311 3538 ὅξᾚέᾞῇἶξ
324 3436 516 3519 accingamur
546 3443 583 3501 ad
614 3461 663 3502 eas
692 3442 860 3503 solvendas.
908 3443 974 3517 Qua
1003 3445 1033 3503 in
1067 3463 1100 3504 re
1130 3445 1168 3505 ad
1197 3447 1288 3506 totius
1316 3446 1443 3507 instituti

203 3556 243 3605 sit.
324 3545 486 3622 primordia
507 3545 664 3605 redeamus
686 3550 813 3621 oportet.
855 3546 1007 3623 Principio
1024 3547 1110 3624 enim,
1132 3547 1184 3624 qui
1206 3548 1369 3609 seviratum
1392 3548 1442 3610 de-

252 3694 254 3699 .
322 3647 492 3723 ponebant,
519 3665 615 3723 aeque
637 3666 673 3707 ac
696 3648 829 3725 magistri
851 3649 986 3707 vicorum
1008 3650 1121 3709 Romae
1150 3651 1237 3710 etiam
1267 3654 1443 3711 ornamenta

323 3749 462 3808 seviralia
490 3748 664 3826 deposuisse
696 3753 729 3809 et
760 3750 791 3808 in
823 3751 1009 3827 privatorum
1043 3750 1176 3811 ordinem
1209 3753 1299 3830 plane
1328 3753 1443 3814 redisse

323 3852 462 3910 censendi
484 3854 563 3910 sunt.
607 3851 665 3912 Sed
698 3870 766 3912 mox
798 3856 858 3911 tam
889 3871 1020 3930 aequum
1055 3872 1143 3930 quam
1172 3855 1244 3914 utile
1273 3854 1369 3915 visum
1394 3859 1463 3926 est,

226 3988 229 3993 ·
299 3952 410 4012 'etiam
444 3954 523 4014 ultra
555 3954 686 4013 muneris
716 3955 875 4014 terminum
906 3955 1084 4015 seviralibus
1114 3957 1245 4017 honores
1267 3976 1440 4035 prorogare.

409 4184 429 4248 ¹)
447 4198 474 4249 p.
493 4184 572 4236 20ss.
591 4185 664 4250 etp.
683 4186 747 4236 58s.
912 4186 936 4251 ²)
953 4200 980 4251 p.
999 4188 1152 4238 eor-304.

407 4269 431 4334 ³)
447 4267 561 4320 Henuen
581 4284 608 4335 p.
629 4271 685 4320 199.
907 4270 929 4336 ⁴)
946 4285 973 4337 p.
993 4272 1051 4324 212.

409 4352 430 4420 ὗ)
448 4350 482 4404 cl.
495 4351 578 4404 etiam
595 4351 707 4405 titulum
726 4367 751 4405 n.
766 4357 789 4421 8,
808 4353 856 4421 qui
867 4353 1001 4408 Henneno
1013 4359 1081 4409 tunc
1093 4356 1217 4410 nondum
1229 4361 1290 4410 erut
1302 4356 1440 4424 cognitus.
