3142 5138
179 453 181 458 ,
283 374 324 434 30

284 551 423 624 equester
445 548 565 608 omnino
590 547 723 622 coeperit
744 547 895 608 vilescere.
939 548 997 621 Qui
1019 568 1086 608 oum
1109 551 1250 629 olim-„ab
1264 545 1402 628 ingenuis

282 655 489 726 separaretur,
516 653 580 709 tum
610 650 845 708 communicatus
875 653 922 709 est
953 670 1018 709 eum
1049 652 1217 730 servitiis“;
1253 654 1283 712 in
1312 672 1401 730 quem

177 818 179 822 Α
281 753 419 828 neglecta
441 753 520 811 omni
543 755 595 810 aut
617 752 736 828 generis
766 755 819 810 aut
846 752 1026 828 integritatis
1055 754 1134 814 vitae
1162 756 1279 816 ratione
1304 772 1401 816 censu

281 855 345 914 solo
368 848 527 930 pervenire
549 858 620 913 tunc
643 854 738 912 cuivis
761 851 880 924 licuit.¹)
925 854 992 928 Quo
1014 854 1063 932 tit,
1086 857 1171 915 utin
1193 858 1281 916 titulo
1304 857 1401 934 hugd.

281 958 374 1016 Boiss.
395 948 439 1033 p.
471 961 531 1017 160
561 981 602 1002 =
635 955 686 1016 Or.
715 959 800 1016 4020
836 957 865 1015 in
903 957 1104 1034 sportularum
1132 959 1287 1018 'divisione
1325 961 1414 1019 orde.

281 1066 423 1132 equester
445 1079 505 1119 non
528 1061 729 1135 coniungatur
755 1077 822 1118 cum
846 1059 1072 1139 decurionibus,
1094 1061 1148 1121 sed
1170 1061 1249 1123 idern
1272 1063 1401 1138 accipiat

281 1166 310 1220 et
330 1162 436 1222 eodem
458 1180 583 1221 numero
605 1161 750 1221 habeatur
776 1180 845 1221 cum
866 1162 942 1221 1qu
964 1164 1036 1223 viris
1057 1163 1136 1241 Aug.
1158 1170 1188 1225 et
1209 1166 1400 1241 negotiatori·

280 1263 336 1323 bus
351 1258 523 1340 vinariis²);
534 1279 536 1286 ·
546 1282 605 1340 quo
629 1263 670 1341 fit,
692 1267 727 1323 ut
744 1265 774 1322 in
791 1282 844 1322 ara
858 1265 1048 1325 Narbonensi
1071 1271 1133 1326 tres
1148 1268 1266 1344 equites
1281 1287 1299 1326 a
1312 1267 1400 1344 plebe

281 1369 491 1427 consocientur
513 1384 579 1427 oum
602 1366 697 1427 tribus
720 1367 883 1444 libertinis,
905 1367 1021 1427 scilieet
1043 1368 1263 1447 locupletibus,
1293 1374 1326 1428 ut
1349 1370 1400 1446 qui

279 1469 346 1529 loco
375 1489 436 1529 non
465 1471 506 1529 ita
532 1471 625 1529 multo
646 1471 725 1529 inter
757 1487 790 1528 se
823 1469 972 1530 differant
1014 1470 1107 1530 Vides
1139 1473 1230 1548 igitur
1260 1489 1326 1550 eos,
1348 1472 1400 1547 qui

280 1572 343 1632 solo
367 1591 459 1632 censu
482 1573 551 1631 elati
579 1590 686 1632 nornen
710 1572 818 1648 equitis
840 1572 966 1631 Romani
996 1573 1053 1632 sibi
1075 1578 1279 1651 srrmpserant,
1309 1591 1351 1647 rre¹
1368 1575 1399 1633 in

281 1676 446 1749 municipiis
478 1674 597 1751 quidem
624 1675 702 1733 inter
723 1675 806 1734 viros
834 1675 992 1751 primarios
1021 1680 1192 1736 numeratos
1218 1694 1294 1736 esse.
1337 1677 1399 1735 Iam

216 1822 220 1834 .
280 1777 368 1837 huius
396 1777 489 1854 ipsius
520 1775 639 1853 generis
672 1780 703 1836 et
732 1777 784 1851 qui
814 1775 1014 1836 libertinitatis
1044 1778 1132 1837 etism
1162 1782 1235 1839 tune
1264 1780 1400 1839 servaret

280 1879 429 1957 quendam
452 1879 583 1956 odorem,
606 1878 697 1938 fuisse
720 1878 827 1955 opinor
842 1878 873 1938 0.
889 1879 1031 1939 Silenium
1045 1879 1287 1959 Lugdunensem,
1309 1899 1398 1957 quern

280 1982 407 2042 fortunis
429 1983 584 2041 florentem
606 1981 787 2057 Augustales
809 1986 969 2057 patronum
992 1982 1047 2040 sibi
1069 1981 1269 2044 adsciverant.
1313 1984 1397 2042 Eius-

280 2104 339 2162 que
361 2083 470 2161 filium,
497 2085 574 2144 sieut
592 2083 754 2142 'nonnullis
783 2084 813 2142 in
837 2083 956 2160 oppidis
987 2083 1183 2144 decurionum
1210 2085 1399 2162 quorundam
1442 2137 1445 2143 .

108 2197 199 2244 Pueris
218 2197 245 2243 in
279 2189 386 2248 filiolos
415 2189 444 2246 in
468 2186 565 2259 album
588 2181 780 2244 decurionum
811 2185 926 2245 referre
948 2188 1038 2246 moris
1059 2184 1175 2266 ereb,
1203 2188 1398 2247 inhonorem

90 2263 375 2380 1{³}r‘erffin,nlfg'r'putris
393 2289 583 2365 decuriones,
606 2287 711 2347 seviris
733 2285 861 2347 fortasse
884 2289 1115 2367 postulantibus,
1137 2309 1205 2349 cum
1221 2290 1306 2349 nimis
1322 2294 1400 2350 esset

91 2400 261 2463 dumAugus-
280 2399 400 2455 tenerae
423 2391 529 2451 aetatis
552 2409 641 2467 quam
664 2390 716 2466 qui
739 2390 872 2449 seviratu
895 2394 997 2467 posset
1011 2390 1105 2470 fungi,
1126 2391 1320 2468 Augustulum
1342 2392 1398 2451 sal·

99 2468 251 2584 dessffilatsur
281 2506 339 2560 tem
363 2496 508 2556 fecerunt
551 2493 616 2553 Nec
639 2492 670 2552 O.
693 2492 822 2553 Silenius
849 2493 930 2553 hune
952 2493 1097 2553 honorem
1120 2494 1304 2573 repudiavit,
1336 2471 1399 2555 sive

278 2602 358 2683 quod
382 2615 507 2658 munera
528 2595 649 2673 publiea
670 2594 763 2654 filium
784 2594 962 2672 adepturum
985 2597 1105 2656 omnino
1128 2596 1313 2675 desperabat,
1335 2598 1399 2656 sive

277 2704 359 2783 qnod
382 2719 449 2762 eum
472 2700 587 2757 minore
616 2697 729 2757 honore
756 2697 798 2756 uti
821 2697 932 2774 voluit,
969 2697 1065 2758 donec
1096 2698 1133 2757 ad
1171 2697 1398 2777 decurionatum

275 2801 532 2897 petendumsatis
556 2799 680 2859 haberet
701 2818 860 2859 annorum.
903 2801 951 2859 Ne
965 2818 1037 2878 vero
1061 2799 1307 2887 documentorum
1330 2800 1398 2860 sub·

275 2909 350 2969 sidio
374 2907 534 2966 destitutus
555 2906 667 2962 temere
699 2902 771 2962 haee
793 2902 898 2962 uidear
927 2902 1093 2963 hariolatus
1123 2920 1211 2981 esse,
1234 2904 1345 2979 legenti
1367 2903 1397 2963 in

274 3009 444 3071 memorium
467 3024 577 3066 revoco
600 3004 752 3065 decretum
773 3003 850 3064 illud
871 3023 890 3065 a
912 3006 1104 3066 centumviris
1125 3007 1298 3066 Veientibus
1320 3008 1397 3065 alb

274 3131 303 3189 p.
326 3111 396 3173 (ihr.
416 3112 448 3168 in
472 3109 615 3169 honorem
647 3106 902 3168 clemenstia
932 3104 1095 3184 tactumll,
1125 3126 1185 3183 quo
1214 3106 1398 3184 adicebatur,

273 3220 308 3272 ut
330 3212 544 3287 Augustalium
564 3225 688 3268 summo
719 3207 887 3268 baberetur
910 3225 1005 3284 oeque
1026 3210 1111 3269 cest
1132 3225 1167 3268 ec
1189 3209 1398 3271 honorentur
1464 3266 1468 3269 ,

275 3320 362 3375 esset.
409 3314 498 3375 Unde
521 3313 649 3389 primurn
680 3314 808 3388 apparet
839 3311 971 3387 legitime
1004 3315 1034 3370 et
1066 3329 1104 3376 ea
1134 3311 1283 3372 communi
1311 3329 1397 3386 prse-

273 3419 385 3495 scripto
407 3417 438 3476 in
461 3413 672 3491 Augustalium
697 3412 829 3473 ordinem
852 3432 912 3472 non
935 3430 1001 3474 esse
1031 3417 1184 3488 receptum
1207 3414 1264 3472 nisi
1286 3414 1337 3489 qui
1360 3431 1396 3473 eo

273 3519 397 3596 honore,
416 3519 482 3578 dico
505 3512 687 3593 seviratu5),
708 3533 781 3575 usus
796 3533 850 3575 seu
864 3514 986 3575 functus
1004 3518 1098 3591 esset,
1121 3514 1229 3576 deinde
1249 3514 1396 3575 interdum

275 3667 478 3677 —.-.-.-—-·

361 3751 382 3816 ¹)
398 3746 434 3801 cf.
453 3746 622 3815 Marquardt.
640 3743 705 3799 hist.
729 3744 854 3812 equitum
872 3744 951 3798 Rom.
974 3749 1044 3798 1840.
1068 3759 1095 3811 p.
1108 3748 1141 3798 90
1151 3760 1172 3798 s.
1207 3735 1407 3812 Friedldnder,

272 3832 458 3902 Sittengeseh.
477 3831 563 3885 Rorns
581 3831 604 3896 I,
625 3833 698 3883 1862.
717 3846 744 3897 p.
759 3833 806 3885 192
817 3844 854 3883 ss.

356 3919 379 3983 ²)
396 3915 494 3971 Paullo
512 3916 594 3969 aliter
613 3915 698 3982 llarq.
718 3914 752 3968 de
771 3913 823 3967 hoc
835 3913 917 3967 titulo
934 3913 1040 3969 iudicat
1055 3912 1122 3969 hist.
1139 3929 1182 3982 eq.
1200 3915 1235 3969 R.
1245 3930 1274 3983 p.
1288 3918 1320 3968 89
1331 3914 1396 3968 adn.
1490 3984 1493 3988 Δ

271 4005 313 4058 31.
332 4017 429 4069 opum,
454 4006 486 4054 ut
509 3999 576 4054 mihi
594 4000 718 4066 videtur,
743 4000 818 4073 iusto
842 3999 930 4067 magis
954 3999 1062 4053 ratione
1086 3998 1181 4053 hahita
1204 4000 1232 4052 in
1251 3998 1396 4053 ordinibus

273 4085 473 4141 discernendis.
684 4122 686 4130 s

357 4173 379 4236 ³)
399 4171 568 4239 Marquardt,
587 4168 747 4224 Statsverw.
766 4169 787 4236 Ι,
801 4174 856 4222 508.

354 4259 365 4290 ⁴
436 4294 442 4309 .
495 4258 510 4307 4
529 4293 537 4308 .

356 4258 379 4404 ⁵}
397 4254 658 4395 gerviligsGVeientes
676 4337 808 4393 hahemus
826 4339 855 4392 in
871 4339 954 4392 titulo
966 4338 1031 4394 Wil.
1050 4341 1141 4408 20809.
