3142 5138
315 410 355 472 36

313 585 392 662 tani;
429 587 492 643 tres
515 583 649 643 Aeclani.
692 584 727 642 lu
749 583 835 643 titulo
859 585 881 642 l.
903 585 940 643 N.
965 585 1062 661 5186,
1084 601 1173 659 quem
1196 585 1361 643 Hennenus
1384 584 1439 645 Oa

313 705 391 764 puae
401 685 433 760 ¹),
469 688 671 746 Mommsenus
701 688 816 745 luvano
853 685 964 763 oppido
994 687 1137 763 attribuit,
1175 683 1438 760 qulnqweaaalea)

314 785 522 864 Aap(uatules)
552 807 607 865 pro
635 789 739 848 ordine
762 788 972 864 Augustalium
995 794 1167 867 ponuntur,
1196 789 1278 866 quod
1300 789 1372 849 alibi
1395 791 1439 849 in·

313 893 448 952 auditum
471 888 551 962 est.²)
597 890 713 951 Deinde
737 899 891 951 curatores
914 893 1027 952 inventi
1050 898 1121 952 sunt
1135 896 1279 969 quattuor
1294 892 1439 970 Puteolis,

313 994 338 1054 si
365 995 484 1054 omnino
512 995 583 1054 lieet
615 995 672 1054 hoe
705 994 771 1054 loco
806 1012 858 1054 eos
888 995 1009 1072 afferre,
1046 995 1187 1072 quoniam
1223 1012 1300 1054 unus
1326 1013 1363 1054 ex
1395 995 1439 1054 cis

312 1096 390 1157 idem
421 1097 528 1157 dicitur
556 1099 636 1156 sevir
658 1097 734 1170 Aop.
778 1098 915 1174 Denique
946 1102 1120 1173 quaestores
1147 1098 1359 1175 Augustalium
1388 1096 1439 1156 de·

312 1200 541 1276 prehenduntur
562 1200 592 1259 in
614 1201 711 1259 titulis
734 1217 787 1260 sex
809 1199 905 1259 Allifis
927 1202 1062 1277 repertis.

133 1309 301 1389 Eidemalibi
403 1303 464 1362 lam
495 1303 526 1361 hi
548 1304 739 1378 magistratus
768 1320 839 1361 num
869 1321 977 1364 revera
1008 1303 1117 1363 desunt
1147 1305 1188 1363 eis
1220 1302 1353 1381 oppidis,
1370 1303 1438 1362 -ubi

129 1387 297 1440 repenuntur.
316 1406 409 1465 acutri
430 1405 574 1465 fuerunt?
602 1406 678 1466 Sane
699 1410 861 1466 curatores
883 1409 1020 1484 protinus
1042 1407 1209 1483 excipiendi
1233 1410 1310 1466 sunt.
1353 1405 1439 1466 Oete·

311 1528 377 1568 rum
401 1509 489 1567 etium
511 1509 542 1567 in
565 1507 664 1568 Gallia
686 1509 907 1588 Transalpina,
930 1510 1095 1587 Cisalpina,
1128 1510 1197 1568 alibi
1222 1529 1282 1569 non
1305 1511 1346 1569 ita
1368 1526 1438 1568 raro

252 1598 256 1603 ’
312 1613 591 1671 commemorantur.
632 1591 966 1688 ·Quinquennalitatem
997 1616 1095 1671 autem
1133 1631 1151 1671 a
1181 1613 1285 1671 seviris
1322 1616 1436 1688 gestam

267 1757 272 1762 -
313 1717 463 1774 testantur
483 1711 562 1772 tituli
583 1711 751 1791 Ostienses,
783 1718 856 1791 quot
887 1700 1005 1791 egomet
1035 1716 1146 1789 norim,
1177 1714 1298 1792 viginti,
1330 1715 1438 1775 deinde

313 1816 525 1893 Sulmonensis,
547 1816 749 1894 Truentinus,
772 1816 951 1895 Gabiensis,
971 1819 1151 1896 Patavinus,
1174 1819 1353 1896 Brixiensis,
1376 1821 1437 1877 tum
1516 1837 1530 1867 ι

313 1920 457 1979 Reatinus
481 1937 559 1978 unus
581 1919 630 1978 vel
653 1920 723 1995 duo,
745 1919 904 1980 Aesernini
922 1920 998 1998 duo,
1022 1919 1151 1996 denique
1168 1921 1247 1979 sevir
1262 1914 1439 1995 Augustalis

313 2022 390 2082 idem
422 2022 656 2099 quinquennalis
688 2022 882 2081 Tusculanus
916 2026 961 2082 est
993 2023 1023 2081 in
1055 2022 1144 2081 titulo
1176 2020 1305 2082 Ostiensi
1336 2019 1438 2082 0r.·H.

287 2128 405 2185 .7106.
448 2124 525 2184 Sane
549 2125 709 2183 Hennenus
737 2125 792 2183 hos
819 2125 948 2201 seviros,
982 2125 1032 2201 qui
1065 2124 1160 2183 eidem
1195 2124 1319 2184 luerunt
1354 2124 1437 2201 quin-

313 2228 493 2304 quennales,
526 2223 689 2303 primum3)
720 2228 823 2302 utique
847 2228 943 2287 vetuit
972 2226 1115 2287 confundi
1139 2245 1205 2286 cum
1227 2227 1437 2304 Augustalium

313 2329 600 2407 quinquennalibus3
638 2328 746 2389 deinde
768 2313 925 2406 postquam
949 2330 1027 2389 hanc
1057 2330 1225 2406 opinionem
1248 2332 1340 2389 totam
1363 2330 1437 2390 obti-

312 2433 377 2492 neri
401 2451 461 2491 non
483 2449 572 2508 posse
596 2432 756 2510 intellexit,
775 2436 886 2492 -tamen
916 2433 946 2492 id
979 2450 1115 2509 premere
1138 2432 1358 2510 perseveravit,
1388 2432 1440 2514 ubi

312 2535 401 2594 seviri
430 2537 596 2610 exstarent,
630 2535 744 2594 seviros
766 2538 899 2612 tantum,
933 2554 993 2594 non
1023 2537 1121 2594 autem
1143 2535 1323 2610 Augustales
1353 2535 1438 2610 quin-

312 2637 476 2713 quennales
499 2636 594 2697 lactos
623 2634 731 2709 essai)
769 2637 809 2695 At
832 2638 887 2696 hoc
917 2657 972 2714 pro
1005 2640 1180 2713 argumento
1211 2637 1253 2695 uti
1285 2655 1344 2696 non
1368 2637 1439 2696 licet
1468 2608 1479 2628 κ

311 2741 367 2798 nisi
392 2741 433 2817 ei,
463 2741 513 2816 qui
545 2741 601 2799 iam
631 2740 697 2799 aliis
719 2740 884 2799 rationibus
916 2740 1130 2799 demonstravit
1158 2740 1235 2799 inter
1266 2741 1381 2799 seviros
1408 2743 1438 2799 et

311 2843 496 2919 Augustales
525 2835 693 2901 discrimen
712 2860 820 2901 revera
850 2843 1004 2902 interesse.
1048 2843 1124 2901 Nam
1145 2823 1253 2900 'eodem
1276 2843 1341 2901 iure
1367 2841 1436 2902 inde
1455 2898 1474 2932 Κ

310 2946 352 3004 ita
363 2962 522 3023 possumus
534 2944 724 3003 concludere:
741 2945 880 3020 quoniam
894 2945 942 3022 ibi,
958 2946 1008 3004 ubi
1023 2945 1116 3004 ueniri
1127 2948 1246 3020 praeter
1252 2944 1437 3018 Augustales

312 3049 516 3124 inveniuntur,
538 3047 606 3106 illos
621 3048 703 3107 solos
718 3047 853 3107 videmus
870 3035 1181 3124 quinquennalitatem
1198 3047 1327 3122 assequi,
1349 3047 1436 3106 ctiam

310 3151 340 3209 in
364 3151 406 3209 eis
427 3150 614 3227 regionibus,
641 3149 690 3208 ubi
713 3150 897 3222 Augustales
925 3152 1042 3208 tantum
1066 3149 1272 3226 exstantnisi
1296 3148 1436 3208 sacerdo·
1486 3232 1488 3235 v

309 3254 349 3313 tio
373 3271 473 3311 annuo
496 3251 672 3330 perfunctos
702 3253 942 3329 quinquennales
970 3271 1036 3311 non
1059 3269 1124 3311 esse
1156 3251 1252 3311 laetos
1274 3252 1436 3311 verisimile

263 3335 266 3343 “
311 3359 363 3415 est.
406 3357 567 3415 Praeterea
589 3359 688 3414 autem
716 3355 896 3415 monendum
926 3358 972 3414 est
1007 3354 1037 3413 in
1068 3356 1110 3413 eis
1140 3353 1271 3431 oppidis,
1308 3372 1435 3431 quorum

311 3458 454 3517 habemus
477 3460 595 3516 saviros
618 3457 738 3516 eosdem
762 3457 1012 3534 quinquennales,
1035 3457 1219 3530 Augustales
1242 3457 1362 3515 omnino
1386 3455 1435 3514 ob·
1469 3453 1471 3460 '

309 3539 474 3620 vios‘esscx
492 3562 542 3619 vel
564 3577 705 3638 perraros
728 3559 777 3620 vel
805 3561 893 3619 etiam
922 3559 1029 3618 nullos.
1088 3560 1226 3635 Denique
1258 3561 1434 3635 quaestores

310 3662 381 3721 alibi
402 3681 462 3721 non
487 3667 557 3722 sunt
589 3657 708 3738 reperti
732 3662 787 3721 nisi
819 3663 849 3721 in
879 3681 938 3721 uno
969 3656 1056 3721 titulo
1083 3661 1259 3738 Tiburtium
1296 3678 1331 3719 ac
1361 3677 1434 3719 sane

309 3765 422 3824 Tibure
450 3766 540 3825 sevini
570 3765 651 3841 quod
684 3765 774 3824 sciam
805 3783 865 3823 non
897 3756 1172 3840 deprehenduntur.
1224 3765 1433 3822 Verumtamen

313 4045 516 4114 significantur,
534 4051 566 4100 nt
581 4046 653 4100 idem
673 4045 789 4114 primum
801 4043 979 4114 Augustalis,
997 4044 1100 4099 deinde
1112 4059 1205 4099 eorum
1218 4042 1433 4113 quinquennalis

312 4132 404 4186 factus
423 4147 485 4186 esse
498 4132 615 4185 dicatur.
649 4131 748 4199 ltaque
759 4129 833 4184 idem
851 4131 926 4185 valet
940 4145 973 4185 ac
991 4130 1015 4184 si
1027 4129 1093 4184 alibi
1111 4129 1223 4184 dicitur:
1241 4127 1326 4198 Aug.
1345 4128 1433 4182 idem

310 4232 423 4370 qumi}
432 4321 460 4372 p.
474 4305 532 4356 207.
704 4304 726 4366 ²)
746 4301 788 4354 De
807 4301 858 4356 hoc
876 4301 956 4354 titulo
974 4299 1048 4353 infra
1065 4301 1147 4369 plura
1164 4301 1308 4355 disseram.

377 4381 481 4453 ‘uun
526 4418 530 4426 ,
653 4390 818 4456 apansa
1292 4409 1299 4420 »
