3180 5370
1223 417 1263 477 67

65 594 75 639 ἱ
142 589 265 666 praebet
288 578 392 650 titulus
414 589 548 649 Peteliae
571 591 711 666 repertus
734 590 756 648 1.
779 590 815 648 N.
839 592 896 665 79,
928 589 957 648 in
988 608 1047 665 qno
1076 589 1196 666 quidam
1221 590 1262 648 di-

142 686 251 751 cuntur
273 693 316 750 ud
332 708 450 750 *muratis
473 693 708 766 Augustalitotis
730 693 880 764 conpelli.
893 689 915 763 ¹)
971 693 1076 767 quue
1106 693 1203 750 minus
1233 691 1263 749 id

144 793 326 869 mirabimur,
349 793 430 869 quod
454 794 541 852 etiam
566 795 696 853 bonores
712 794 920 852 dcem-Ionales
936 794 1029 852 multo
1045 793 1262 868 splendidiores

143 895 200 953 iam
220 897 339 956 mature
361 896 451 954 vitari
473 897 608 972 coepisse
631 892 839 970 accepimus.²)
877 896 924 954 'At
946 897 1019 954 haec
1047 902 1179 971 potestas
1202 894 1261 975 vim

145 996 305 1056 adhibendi
322 999 372 1075 eis,
389 999 440 1074 qni
454 999 492 1056 ad
508 1000 690 1058 serviratum
706 997 822 1057 evocati
838 1017 897 1056 non
907 998 1092 1071 prosilirent
1107 997 1141 1069 (1.
1153 999 1190 1057 N.
1203 995 1264 1074 79),

142 1099 194 1158 sed
228 1101 516 1176 tergiversarentur,
554 1119 619 1159 cum
649 1100 737 1175 plane
768 1101 886 1159 deesset
920 1100 1032 1159 ordinis
1047 1101 1267 1186 *Augustalium-

141 1202 239 1277 sociis,
261 1208 342 1261 certe
365 1202 421 1261 luit
444 1203 664 1262 decurionibus.

227 1305 357 1362 Primum
380 1305 515 1381 quidem,
546 1304 688 1380 quamdiu
721 1304 862 1362 novitatis
891 1306 989 1379 gratia
1019 1305 1132 1364 recenti
1156 1305 1260 1363 honori
1276 1314 1449 1392 Petitionicet

141 1405 272 1464 nondum
303 1406 446 1465 destricta
479 1412 509 1466 et
536 1407 634 1466 adbuc
668 1407 761 1465 maior
784 1412 849 1466 crat
876 1406 907 1464 in
931 1406 1097 1483 municipiis
1120 1423 1261 1465 numerus
1296 1389 1432 1498 “ffffi‘gdffi

143 1525 260 1584 eorum,
292 1508 343 1584 qui
374 1509 484 1566 divitiis
508 1509 682 1585 affluerent,
716 1510 820 1584 opinor
843 1507 1067 1585 suppeditasse,
1104 1509 1156 1584 qui
1184 1509 1261 1568 ultro

142 1610 303 1668 seviratum
325 1613 479 1687 peterent,
517 1610 590 1686 quin
622 1611 709 1669 etiam
741 1610 901 1669 ambitione
925 1610 1054 1686 quadam
1078 1613 1264 1671 affectarent

142 1713 242 1787 Atque
263 1712 353 1772 talem
377 1712 439 1771 fere
463 1693 640 1772 coniecerim
671 1713 764 1772 fuisse
787 1712 876 1771 hules
908 1716 966 1771 tam
997 1713 1151 1789 petitionis
1172 1731 1262 1788 quam

143 1812 262 1873 omnino
286 1815 444 1874 creationis
467 1814 612 1874 ordinem.
657 1815 714 1887 Qui
742 1817 845 1890 petere
867 1815 994 1872 animum
1017 1815 1191 1892 induxerat,
1224 1816 1262 1874 ad
1307 1798 1312 1809 ’

142 1915 220 1975 diem
250 1918 441 1980 constitutam
471 1935 580 1976 nomeu
610 1916 765 1993 protessus
796 1921 840 1974 est
871 1916 950 1991 apud
974 1917 1101 1975 IIvirum
1131 1919 1181 1976 vel
1210 1919 1262 1995 qni

142 2018 219 2077 alius
241 2018 272 2077 in
296 2019 457 2093 municipio
488 2022 666 2095 potestatem
696 2019 834 2078 habebat.
878 2018 954 2076 Tum
985 2023 1066 2078 certe
1092 2020 1186 2078 IIviro
1216 2021 1260 2078 in·
1278 2027 1389 2105 Quinam
1398 2027 1449 2074 sint

142 2119 319 2196 quirendum
343 2125 422 2196 erat,
444 2139 515 2179 num
531 2121 609 2196 eius,
631 2121 680 2196 qui
697 2121 834 2195 petebat,
858 2121 962 2179 liceret
980 2121 1126 2180 rationem
1143 2122 1262 2181 habere.
1291 2102 1433 2226 agreggriztu

141 2224 217 2282 Nam
241 2223 375 2281 seviratu
396 2219 594 2299 arcebantur,
617 2224 668 2299 qui
692 2226 791 2281 essent
814 2223 862 2282 vel
885 2241 945 2281 non
970 2241 1060 2282 sexus
1082 2225 1189 2298 virilis,
1212 2226 1262 2283 vel

142 2325 235 2400 servi,
266 2324 315 2382 vel
344 2325 481 2402 iniamea,
516 2327 565 2384 vel
597 2327 648 2401 qui
680 2325 709 2383 in
742 2344 777 2385 eo
806 2325 967 2400 municipio
998 2325 1177 2385 domicilium
1200 2345 1261 2385 non

140 2426 297 2487 haberent
342 2428 499 2487 Idnimvero
523 2446 626 2488 servos
658 2445 724 2485 cum
757 2427 786 2484 in
819 2412 902 2486 tanta
932 2428 1084 2487 titulorum
1118 2429 1169 2504 qui
1202 2429 1261 2487 hnc

141 2533 280 2602 spectant
302 2531 387 2604 copia
410 2530 509 2588 adhuc
533 2548 592 2588 non
616 2529 882 2607 deprehendimus,
911 2536 1029 2589 tumre
1057 2532 1123 2607 Ipsa
1145 2535 1262 2591 constat

141 2629 309 2690 sacerdotio
332 2631 453 2707 publico
476 2632 564 2707 iungi
587 2650 647 2691 nou
662 2633 805 2707 potuisse.
849 2632 976 2690 Infamia
991 2635 1099 2710 antem,
1121 2651 1182 2709 qua
1197 2634 1262 2709 qui·

142 2731 208 2791 dem
237 2735 369 2792 seviratu
396 2735 465 2810 quis
492 2738 662 2810 arceretur,
699 2735 796 2809 qualis
827 2734 935 2810 fuerit,
971 2741 1111 2794 accurate
1138 2733 1261 2795 definire

142 2851 201 2893 uon
228 2852 396 2911 possumus.
449 2837 485 2895 In
516 2837 705 2912 universum,
741 2837 850 2911 quibus
883 2835 913 2894 in
939 2838 1051 2895 curiam
1077 2838 1189 2896 intrare
1223 2836 1262 2896 ob

142 2935 293 2995 infamiam
317 2957 376 2997 non
401 2938 545 3014 licuisset,
568 2937 678 2997 eisdem
703 2956 741 2995 ne
764 2939 925 2996 seviratum
950 2937 1070 3014 quidem
1087 2956 1262 2998 concessum

142 3054 207 3098 csse
240 3044 473 3099 consentaneum
506 3039 634 3098 videtur.
679 3039 890 3098 Verumtamen
917 3039 947 3098 in
983 3041 1135 3099 nonnullis
1172 3041 1262 3100 rebus

143 3158 249 3200 moneo
272 3142 350 3201 hanc
371 3142 507 3215 regulam
530 3141 697 3218 neglectam
721 3158 793 3200 esse.
839 3142 929 3201 Verbi
960 3159 1066 3200 caussa
1096 3144 1146 3219 qui
1169 3151 1261 3202 artem

143 3242 287 3302 ludicram
304 3244 428 3321 faciunt,
451 3262 502 3303 eos
525 3244 703 3303 decuriones
726 3243 788 3303 fieri
812 3262 868 3320 per
891 3245 988 3319 legem
1011 3245 1116 3304 Iuliam
1141 3247 1262 3305 munici-

142 3345 239 3422 palem
263 3366 323 3406 non
346 3344 463 3419 licuit.³)
508 3347 618 3406 Contra
640 3348 718 3405 inter
741 3347 854 3405 seviros
878 3347 1007 3406 scaenici
1030 3366 1089 3406 non
1111 3347 1228 3407 desunt.
1237 3346 1261 3419 4)

142 3447 237 3509 Simili
259 3448 356 3525 modo,
379 3450 430 3536 qui
452 3449 645 3526 praeconium
669 3449 912 3523 dissignationem
937 3449 1121 3507 libitinamve
1142 3448 1263 3528 faceret,

229 3700 249 3762 ¹]
268 3695 303 3750 cf.
323 3696 405 3750 etiam
424 3695 460 3765 ΙΙ,
478 3699 556 3750 4514:
576 3737 582 3748 .
601 3735 607 3748 .
627 3696 689 3751 uolo
708 3706 739 3751 ut
757 3696 877 3752 libertini
894 3696 947 3750 ruci
964 3737 970 3748 .
989 3736 995 3749 .
1014 3712 1086 3765 quos
1108 3695 1200 3750 donor
1221 3713 1263 3750 se-

142 3783 251 3838 viratus
268 3783 422 3853 contiperit
441 3782 475 3838 ab
495 3781 622 3836 omuibus
639 3784 801 3838 morcambus
821 3783 958 3836 seviratus
976 3783 1105 3836 excusati
1122 3783 1202 3836 siut.
1222 3821 1228 3834 .

227 3870 251 3935 ²)
268 3867 303 3921 cf.
328 3869 381 3937 leg.
406 3868 523 3921 Malacit.
547 3883 570 3920 c.
589 3869 633 3922 LI.
651 3899 685 3906 -
703 3885 746 3938 op.
766 3868 877 3921 'I'raiani
896 3867 931 3920 ad
948 3867 1019 3920 Plin.
1037 3867 1072 3932 X,
1091 3866 1184 3920 CXIII
1208 3867 1263 3932 (ed.

143 3951 206 4007 Keil
228 3957 325 4020 isidi:
345 3954 394 4023 qui
410 3954 487 4009 iuviti
500 3956 574 4024 fiurrt
592 3954 766 4010 decuriones.

228 4041 249 4101 ³)
267 4055 293 4091 v.
316 4043 370 4091 123.

227 4127 248 4189 ⁴)
268 4125 288 4177 I.
306 4125 337 4177 N.
357 4129 418 4177 ort:
445 4164 477 4177 ..
502 4125 554 4178 alio
579 4128 650 4195 Aup.
675 4126 717 4180 tio.
743 4165 774 4177 ..
801 4124 853 4179 elio
878 4124 1034 4193 Apolausto
1059 4123 1264 4194 lpulrrtomimo

141 4209 364 4279 [duplustalium
383 4226 408 4278 q.
422 4227 446 4280 q.
466 4210 632 4282 luerruiste
650 4210 785 4281 temporis
803 4210 847 4263 sui
855 4211 956 4279 primo.
976 4249 982 4261 .
1001 4249 1007 4260 .
1027 4207 1062 4261 cf.
1076 4207 1264 4274 Frchltinder,

141 4296 206 4346 rbrn.
226 4293 405 4361 sittengescb.
424 4295 461 4360 II,
483 4300 555 4348 lsstl.
574 4312 601 4363 p.
615 4300 673 4348 stult.
710 4294 803 4349 Etiam
829 4301 990 4347 ornamenta
1013 4293 1202 4347 decurionalia
1224 4293 1265 4347 eis

141 4394 225 4449 saepe
243 4380 430 4434 dcccmuntur
448 4381 482 4433 ct'.
503 4380 593 4434 Wilm.
614 4383 688 4435 2625.
709 4381 742 4448 V,
761 4384 837 4433 ised.

1028 4485 1061 4532 b·
