3180 5370
187 1643 325 1695 Sacrificio.

865 606 881 674 ξ
900 609 940 659 20.

612 708 655 764 De
674 709 793 763 savirum
811 708 1006 778 Auqustalium
1024 709 1191 762 maenibus.

426 822 514 880 Nunc
551 819 589 879 do
619 820 831 879 muneribus
869 821 1000 879 sevirum
1037 838 1091 879 seu
1121 820 1330 895 Augustalium
1367 819 1463 878 verba

340 920 483 996 faciam.¹)
528 923 624 996 Quam
647 923 800 982 materiam
822 923 942 999 parcius
958 922 1151 999 perscribam,
1173 923 1280 1000 partim
1297 921 1378 997 quod
1401 921 1462 979 iam

341 1044 433 1101 supra
454 1043 519 1084 eam
541 1025 640 1102 tetigi,
672 1025 780 1101 partim
812 1028 987 1101 propterea,
1020 1025 1100 1100 quod
1132 1025 1157 1083 si
1179 1025 1236 1084 hoc
1265 1025 1332 1083 loco
1364 1025 1465 1083 omnia

341 1128 448 1187 vellem
471 1133 612 1187 accurate
635 1144 804 1204 exponere,
835 1128 905 1186 mihi
937 1127 1145 1203 percensenda
1175 1131 1254 1186 esset
1276 1126 1390 1186 infinita
1412 1127 1464 1184 mi-

341 1230 491 1289 nutiarum
516 1231 610 1306 copia.
656 1230 788 1302 Quarum
818 1229 1043 1289 enumeratione
1074 1247 1140 1289 cum
1172 1230 1242 1288 milri
1265 1234 1325 1288 tum
1349 1229 1465 1305 legenti

341 1332 472 1391 taedium
495 1350 633 1409 pararem
657 1350 756 1408 nequo
778 1337 876 1392 tamen
900 1332 938 1390 ad
953 1335 1092 1392 naturam
1107 1332 1338 1407 Augustalitatis
1354 1340 1463 1407 cogno·

341 1434 483 1495 scendam
506 1435 631 1495 multum
655 1435 831 1494 conferrem.
869 1437 919 1494 llo
942 1438 1041 1494 antem
1064 1430 1170 1494 ordine
1198 1435 1316 1510 singula
1339 1451 1464 1493 munera

341 1537 470 1598 breviter
492 1539 540 1597 hie
563 1537 755 1615 adumbrabo,
779 1554 838 1614 quo
862 1538 1002 1597 videntur
1025 1541 1091 1597 orta
1114 1555 1187 1596 esse.
1281 1543 1284 1546 ’

429 1642 474 1700 Ac
507 1641 634 1717 primum
665 1641 783 1715 quidem
815 1641 971 1712 sacrificiu
1000 1640 1205 1699 anniversaria
1227 1639 1339 1698 'seviris
1370 1638 1472 1721 fuisse

343 1743 510 1802 lectitanda
532 1743 636 1803 diebus
667 1742 751 1802 festis
784 1744 814 1802 in
843 1743 985 1803 honorem
1008 1742 1229 1819 Augustorum,
1252 1742 1465 1819 Augustarum,

343 1847 512 1922 principum
535 1845 639 1905 domus
663 1844 781 1904 divinae
804 1845 947 1904 institutis
978 1864 1011 1904 re
1034 1846 1099 1922 ipsa
1122 1849 1223 1922 patet,
1251 1845 1321 1903 licet
1351 1843 1383 1903 in
1405 1862 1464 1903 mo·

343 1949 493 2007 numentis
515 1949 610 2007 rarior
639 1946 883 2025 deprehendatur
913 1949 1000 2007 huius
1030 1949 1074 2006 rei
1104 1948 1223 2006 mentio.
1275 1945 1355 2021 Quid
1386 1947 1464 2006 enim

342 2050 405 2108 istis
428 2052 461 2109 ut
482 2051 686 2126 Augustorum
709 2043 1035 2126 sacerdotibus‘magis
1058 2049 1223 2109 convenit?
1260 2050 1366 2124 ltaque
1388 2049 1464 2108 Nar·

344 2154 421 2212 bone
443 2153 582 2229 protinus
603 2153 634 2211 in
658 2153 866 2212 constituendo
890 2153 1019 2211 sevirum
1042 2152 1209 2229 sacerdotio
1232 2154 1262 2210 in
1285 2156 1464 2228 perpetuum

270 2263 272 2266 ’
345 2255 387 2313 eis
409 2255 600 2332 praecipitur,
625 2259 657 2314 ut
680 2256 767 2314 certis
791 2255 894 2313 diebus
916 2255 1029 2314 hostias
1052 2255 1165 2313 numini
1182 2253 1312 2331 Augusti
1329 2254 1463 2329 singulas

345 2358 505 2433 quotannis
526 2357 677 2417 immolent
707 2362 737 2416 et
760 2357 872 2416 colonis
904 2361 934 2416 et
955 2357 1061 2416 inoolis
1090 2356 1129 2414 ad
1151 2356 1380 2432 supplicandum
1412 2374 1465 2415 nu-

345 2458 415 2517 mini
439 2460 502 2518 eius
525 2459 594 2519 thus
618 2465 648 2518 et
669 2460 771 2518 vinum
794 2460 831 2519 de
855 2477 908 2519 suo
932 2456 1130 2535 praestent.²)
1174 2458 1253 2517 Alibi
1277 2477 1398 2534 quoque
1420 2477 1465 2517 sa·

345 2560 457 2620 crificia
479 2563 516 2621 ab
538 2561 754 2638 Augustalibus
778 2562 927 2621 celebrata
950 2580 1165 2637 nonnunquam
1189 2562 1467 2637 commemorantur,

344 2664 428 2723 velut
457 2666 492 2740 V,
523 2667 622 2724 4203:
660 2681 698 2723 ex
728 2680 854 2737 quorum
885 2664 989 2722 usuris
1019 2664 1068 2723 dic
1096 2663 1143 2722 Id.
1164 2663 1242 2723 Μαί.
1273 2679 1355 2722 socr.
1387 2664 1466 2722 extis

344 2765 519 2826 celebretur.
562 2769 658 2826 Porro
688 2768 718 2825 in
752 2771 944 2826 monumento
967 2768 1003 2843 V,
1035 2769 1116 2830 3386
1147 2766 1292 2825 bisellium
1327 2785 1393 2825 oum
1424 2767 1465 2825 in·

345 2873 511 2929 strumento
535 2869 691 2928 sacrificali
714 2883 887 2947 expressum
904 2875 957 2946 est,
979 2868 1060 2945 quod
1077 2875 1158 2928 certe
1173 2872 1288 2944 spectat
1304 2869 1341 2927 ad
1359 2887 1467 2928 munus

344 2972 379 3030 L.
401 2971 490 3031 Safini
513 2971 579 3030 Rufi
602 2971 721 3030 serviri.
765 2971 861 3030 Aliam
895 2972 925 3029 id
956 2989 1052 3048 genus
1081 2972 1238 3046 imaginem
1262 2970 1341 3029 infra
1363 2971 1483 3046 paullo-

346 3074 468 3133 uberius
490 3071 661 3147 tractabo.³)
691 3075 798 3149 Neque
814 3091 887 3132 vero
911 3074 1076 3133 mediocres
1098 3075 1246 3148 impensas
1268 3072 1338 3132 inde
1362 3073 1467 3131 seviris
1510 3061 1512 3064 ’

345 3179 426 3234 ortas
448 3193 513 3234 esse
536 3176 776 3254 comprehendet,
801 3175 852 3252 qui
877 3195 977 3235 seeum
999 3177 1186 3251 reputaverit
1201 3194 1341 3251 magnum
1365 3193 1466 3235 nume·

333 3297 410 3336 ⁴rum
434 3276 547 3337 dierum
564 3277 718 3355 festorum,
742 3279 791 3354 qui
808 3279 950 3353 temporis
966 3296 1129 3356 progressu
1146 3279 1237 3337 cultui
1254 3279 1466 3354 imperatorum

344 3380 557 3457 seligebantur.
600 3381 677 3439 Nam
701 3381 839 3440 debuisse
862 3381 927 3440 illos
951 3385 1031 3440 certe
1054 3382 1156 3457 aliqua
1185 3400 1221 3439 ex
1244 3385 1330 3457 parte
1352 3380 1389 3438 de
1411 3397 1467 3439 suo

344 3486 510 3560 praestare,
548 3500 626 3558 quae
656 3484 694 3542 ad
723 3480 811 3543 'sacra
842 3482 1017 3560 peragenda
1046 3502 1122 3560 opus
1157 3488 1274 3560 essent,
1311 3488 1467 3542 consenta-

345 3602 433 3644 neum
456 3581 539 3653 est⁴l

432 3687 480 3746 Ad
508 3706 615 3747 munus
644 3687 854 3747 sacrificiorum
887 3704 980 3748 uenus
1013 3689 1156 3746 sevirales
1186 3688 1346 3753 accessisse
1380 3706 1466 3748 nemo

345 3788 557 3868 admirabitur,
589 3791 727 3866 quoniam
764 3791 861 3868 epulis
891 3791 1038 3849 solemnia
1070 3791 1280 3850 concelebrare
1311 3808 1374 3849 mos
1402 3795 1467 3850 erat
1506 3826 1516 3843 κ

291 3920 294 3925 ·
344 3893 509 3970 antiquitus
531 3893 670 3952 traditus.
712 3895 875 3952 Praeterea
897 3897 969 3952 tunc
997 3892 1141 3967 temporis
1165 3884 1300 3970 omnino,
1332 3894 1382 3968 qui
1407 3911 1467 3951 ma·

434 4143 452 4206 ¹)
469 4139 605 4193 Perverse
629 4140 774 4208 Zumptius
793 4140 827 4193 de
846 4140 965 4193 sevirum
989 4145 1017 4193 et
1035 4140 1069 4194 de
1087 4140 1285 4210 Anqustalium
1302 4139 1466 4194 muneribus

345 4225 465 4279 diversis
483 4214 552 4278 locis
571 4224 629 4292 egit
646 4242 672 4292 p.
687 4230 717 4278 37
730 4241 766 4279 ss.
786 4229 818 4278 69
829 4240 865 4294 ss.
884 4222 919 4277 cf.
939 4224 1064 4277 Hennen.
1083 4242 1110 4292 p.
1123 4230 1181 4278 306.
1200 4233 1228 4279 et
1246 4230 1303 4278 315.

431 4312 453 4376 ²)
470 4309 563 4363 wilm.
583 4314 639 4363 ror.

432 4396 453 4464 ³)
471 4394 506 4459 V,
524 4397 599 4447 4482.
768 4397 791 4459 ⁴)
810 4391 904 4449 Aliter
921 4395 1028 4448 iudicat
1044 4395 1190 4463 Zumptius
1208 4412 1236 4464 p.
1249 4400 1290 4449 39.
