3142 5138
142 640 236 702 Egger.
256 647 281 687 et

130 708 291 772 Marquardt.

314 454 374 514 120

400 629 537 704 Eggerns
566 631 596 687 et
618 626 831 703 llarquardtus
860 626 979 687 duabus
1008 627 1152 704 imprimis
1187 627 1353 687 rationibus
1388 626 1437 687 usi

314 730 444 789 suntad
467 730 607 789 iudicium
630 747 715 789 suum
740 727 993 789 confirmandum:
1031 748 1104 806 nna,
1126 729 1208 806 quod
1229 729 1309 789 idem
1332 729 1438 790 fnisset

312 834 499 910 propositum
522 838 552 892 et
574 832 724 908 magistris
746 832 878 891 vicorum
896 822 1017 891 urbanis
1037 836 1067 891 et
1082 832 1188 892 seviris
1203 832 1437 908 Augustalibnsi

312 936 417 1013 altera,
439 936 521 1012 qnod
544 936 665 1011 utrique
688 935 775 993 etiam
799 935 933 994 eiusdem
956 934 1083 994 inissent
1105 934 1289 995 condicionis
1304 930 1437 1007 civiliall

312 1041 478 1099 Praeterea
501 1037 662 1115 insignium
686 1037 909 1096 similitudinem
924 1038 1092 1097 attulerunt
1107 1038 1145 1097 ad
1160 1038 1337 1098 sententiam
1352 1054 1437 1099 snam

314 1138 605 1217 comprobandam.²)
658 1140 847 1215 Adversariis
885 1144 984 1200 autem
1016 1141 1091 1200 haec
1120 1140 1185 1201 fere
1213 1144 1436 1219 opposuerunt:

313 1245 440 1321 primum
464 1245 577 1303 seviros
598 1243 781 1319 Augustales
804 1244 830 1302 si
853 1262 912 1303 non
936 1262 974 1302 ex
995 1243 1158 1321 libertinis,
1189 1249 1291 1305 tamen
1313 1262 1352 1306 ex
1373 1243 1436 1305 vol·

312 1347 378 1423 gari
399 1347 628 1424 municipiorum
650 1345 741 1421 plebe
760 1345 939 1423 plerumque
962 1347 1073 1406 electos
1096 1364 1177 1425 esse,
1200 1366 1267 1406 cum
1289 1348 1369 1408 inter
1391 1362 1437 1408 so·

313 1449 398 1508 dales
419 1449 602 1525 Augustales
635 1448 690 1508 soli
713 1449 858 1526 primores
891 1450 1018 1508 civitatis
1050 1451 1144 1509 creati
1176 1453 1277 1510 essent
1311 1451 1435 1512 adlendo

284 1618 287 1626 ¹
312 1552 490 1628 quibusdam
512 1552 606 1629 ipsius
637 1551 743 1611 domus
772 1551 892 1610 divinae
916 1553 1103 1629 propinquis.
1148 1552 1216 1626 Quo
1239 1554 1305 1614 loco
1329 1571 1437 1615 memo·

313 1659 380 1715 ratu
403 1655 524 1730 dignum
549 1672 622 1732 esse,
645 1654 727 1730 quod
749 1654 882 1712 flamines
905 1655 1035 1730 Augusti
1059 1655 1266 1732 municipales,
1288 1657 1341 1733 qui
1364 1656 1436 1734 quio

313 1758 350 1816 ad
394 1759 488 1816 instar
525 1757 650 1816 flaminis
686 1757 863 1834 Augustalis
900 1757 1006 1816 urbani
1048 1761 1148 1816 essent
1184 1759 1310 1818 instituti
1354 1738 1438 1819 dubi·

312 1860 368 1918 tari
400 1859 549 1936 nequiret,
576 1861 654 1918 sicnt
690 1860 740 1918 ille
778 1878 815 1918 ex
846 1859 1036 1919 nobilissimis
1065 1860 1181 1920 civibus
1211 1880 1308 1937 nsque
1336 1864 1439 1922 essent

312 1959 457 2038 sumptis)
501 1962 616 2021 Deinde
639 1962 782 2021 dixerunt
802 1963 860 2021 iam
885 1966 953 2021 aute
969 1962 1099 2038 Augusti
1116 1968 1239 2022 mortem
1254 1963 1438 2040 Augustales

313 2058 479 2144 inveniril)
523 2066 670 2124 Nimirum
693 2065 797 2124 titulos
822 2066 1031 2142 magistrorum
1053 2067 1279 2144 Augustalium,
1309 2084 1439 2143 qnorum

314 2170 483 2244 complures
507 2169 577 2227 vivo
600 2169 738 2244 Angusto
762 2168 867 2244 scripti
890 2168 947 2227 iam
969 2173 1041 2228 tnnc
1065 2169 1128 2228 noti
1152 2173 1247 2248 erant,
1270 2187 1338 2229 cnm
1361 2171 1437 2230 sevi·

314 2289 417 2330 rorum
440 2272 543 2348 titulis,
569 2274 602 2331 nt
624 2271 694 2347 dixi,
718 2269 928 2330 confuderunt

400 2375 489 2434 Nunc
513 2393 590 2452 quae
613 2373 768 2449 Zumptius
801 2379 831 2433 ct
853 2374 1017 2433 Hensenus
1048 2375 1294 2434 contradixerunt
1322 2378 1352 2434 et
1374 2374 1438 2452 qni·

314 2478 370 2536 bus
392 2478 576 2554 argumentis
609 2495 694 2536 snam
724 2476 901 2535 sententiam
924 2476 1132 2553 defenderint,
1155 2477 1349 2538 adumbrabo.
1392 2477 1438 2538 Ac

314 2579 375 2640 dno
410 2581 533 2656 quidem
551 2583 743 2654 argumenta
773 2580 890 2655 exeis,
923 2597 1000 2654 qnae
1030 2580 1184 2657 Zumptius
1211 2579 1249 2638 ad
1281 2581 1434 2658 Eggernm

313 2681 504 2742 refutandum
542 2682 656 2758 attulit,
695 2682 844 2740 levissima
881 2686 962 2757 sunt;
996 2700 1103 2759 unum,
1135 2682 1215 2757 quod
1244 2682 1440 2759 vicimagistri

313 2785 438 2845 Romani
461 2803 622 2861 numquam
644 2784 721 2843 sicnt
742 2784 925 2860 Augustales
955 2785 985 2842 in
1009 2784 1167 2861 collegium
1191 2781 1337 2864 coissent,
1365 2787 1439 2846 alte-

313 2907 388 2966 rum,
412 2888 493 2965 quod
517 2888 699 2963 Augustales
728 2887 758 2946 in
782 2887 951 2964 municipiis
980 2888 1073 2947 multo
1097 2889 1189 2964 magis
1213 2887 1344 2948 fuissent
1367 2906 1437 2948 con·

313 2992 409 3066 spioni
432 3011 522 3068 quam
545 2991 679 3068 magistri
702 2991 836 3049 vicorum
859 2990 889 3049 in
905 2987 1015 3062 nrbe.⁵)
1052 2992 1220 3067 Utrumque
1236 2991 1314 3050 enim
1327 2972 1438 3068 'magno

313 3092 501 3170 discrimine,
532 3093 613 3170 quod
636 3095 714 3152 inter
746 3111 795 3152 res
826 3081 1023 3168 municipales
1056 3099 1086 3153 et
1108 3094 1238 3152 urbanas
1269 3092 1439 3173 intercedit,

314 3197 386 3254 satis
417 3196 595 3272 explicatur.
638 3197 777 3271 Namque
809 3196 854 3253 ius
889 3195 1017 3254 coeundi
1054 3196 1253 3271 municipibus
1284 3196 1438 3256 liberalius

314 3316 488 3358 concessum
512 3317 584 3376 esse,
608 3303 713 3358 contra
733 3298 765 3357 in
788 3299 863 3357 urbe
886 3302 984 3357 aetate
1008 3299 1200 3374 imperatoria
1222 3299 1323 3374 priore
1342 3290 1447 3378 angu-=

313 3402 448 3461 stissimis
476 3401 609 3461 terminis
632 3401 806 3461 conclusum
834 3400 927 3460 fuisse
951 3406 1052 3460 notum
1076 3399 1154 3472 est.⁶)
1199 3403 1263 3460 Nec
1286 3402 1384 3461 minns
1406 3401 1437 3462 in

314 3503 506 3580 amplitudine
522 3506 605 3564 urbis
620 3506 718 3564 locum
737 3509 796 3563 tam
818 3503 975 3582 insignem,
997 3512 1086 3580 qnam
1110 3504 1199 3562 seviri
1217 3505 1246 3562 iu
1270 3504 1437 3583 municipiis

313 3611 383 3666 sunt
406 3608 549 3684 assecuti,
572 3609 629 3667 vici
653 3607 811 3682 magistros
842 3607 978 3666 obtinere
1002 3625 1061 3665 non
1085 3608 1221 3682 potuisse
1247 3606 1437 3668 manifestum

401 3840 420 3903 ¹)
439 3836 473 3891 cf.
492 3839 593 3907 Egger.
612 3835 633 3905 1,
653 3841 702 3890 375
722 3837 804 3904 sall,
823 3840 873 3890 644
892 3852 929 3890 ss.
947 3837 1033 3907 Marq.
1052 3854 1079 3904 p.
1099 3840 1162 3890 513:
1187 3836 1258 3903 „der
1276 3837 1373 3892 lanera
1389 3854 1437 3892 zu·

313 3922 515 3994 commendabo
532 3922 627 3978 beider
644 3923 770 3977 instituto
787 3923 824 3976 ist
840 3922 1009 3976 miodestens
1027 3922 1117 3977 semol
1134 3921 1222 3977 durch
1240 3923 1302 3979 iren
1311 3921 1438 3993 pleioteta

312 4008 392 4063 zoes
409 4008 452 4062 als
471 4008 559 4062 durno
577 4008 630 4062 dea
649 4008 735 4063 stand
752 4007 804 4062 der
823 4007 978 4078 betciliptcu
996 4024 1139 4078 personas
1158 4009 1306 4062 ermisen.“

398 4096 421 4160 ²)
438 4094 473 4146 cf.
491 4095 593 4162 Egger.
611 4094 647 4161 Il,
665 4098 723 4147 ott.

398 4181 420 4244 ³)
438 4178 474 4233 cf.
492 4181 595 4247 Eggcr.
604 4179 640 4248 ΙΙ,
659 4183 715 4232 781.
735 4183 792 4233 785.
810 4179 895 4249 Marq.
910 4184 957 4233 501
970 4195 992 4234 s.
1011 4179 1046 4233 ct'.
1058 4178 1220 4234 Statsverw.
1232 4180 1254 4248 I,
1267 4184 1316 4234 514
1327 4179 1391 4234 adn.
1403 4183 1426 4234 6.

399 4267 421 4330 ⁴)
438 4265 500 4318 Vid.
520 4267 621 4333 Egger.
639 4265 675 4333 ll,
694 4270 751 4318 636.
772 4269 828 4318 783.
847 4265 869 4330 l,
888 4269 937 4318 375
956 4281 977 4319 s.

399 4353 420 4416 ⁵)
438 4349 544 4418 Zumpt.
562 4368 588 4418 p.
610 4354 640 4403 10
659 4350 694 4403 cf.
713 4352 815 4418 Egger.
833 4350 861 4404 II
879 4368 906 4418 p.
927 4356 975 4404 us
994 4366 1016 4405 s.

398 4438 420 4507 ⁶)
438 4434 473 4489 cf.
490 4436 652 4490 Mommsen.
670 4434 768 4489 Statsr.
786 4435 808 4505 Ι,
826 4439 884 4490 326.
