3142 5138
319 494 361 553 26

319 668 407 728 (terte
436 666 595 727 Mediolani
624 669 741 726 sanciri
773 674 804 724 ct
825 669 901 740 Aa).
934 673 965 726 et
991 669 1108 726 secvta·
1130 667 1207 742 Aac.
1231 672 1302 728 sunt
1331 669 1436 729 eodem

318 788 452 830 numero.
488 769 632 830 Oouieras
648 771 736 829 etiam
752 770 857 829 titulos
880 789 909 846 p.
932 773 1008 830 20s.
1029 788 1059 828 n.
1075 773 1103 829 5.
1125 774 1153 830 6.
1175 775 1203 831 l.
1241 771 1307 845 Quo
1325 771 1438 832 factum

318 875 372 949 est,
394 876 427 932 ut
449 872 480 930 iu
502 873 655 949 plerisque
685 872 803 949 oppidis
833 872 1006 932 desinerent
1032 874 1149 932 nomine
1179 876 1312 949 separari
1341 892 1439 934 sacer·

317 973 403 1034 dotes
424 975 517 1035 annui
539 978 569 1034 et
590 974 705 1035 ordinis
727 975 798 1034 socii
821 974 988 1035 sacerdotio
1016 984 1128 1036 anuuo‘
1148 975 1265 1052 pridem
1294 975 1440 1035 defuncti.
1541 1000 1547 1009 ·

316 1077 394 1135 Nam
415 1077 508 1136 acciri
529 1076 709 1151 Augustales
731 1077 819 1137 etiam
842 1075 884 1136 illi
907 1078 1008 1138 multis
1029 1079 1059 1137 in
1083 1078 1156 1137 locis
1178 1077 1244 1138 sine
1267 1077 1439 1139 discrimine

317 1179 511 1238 vocabantur.

148 1292 186 1338 vl
203 1291 241 1338 vir
259 1300 285 1338 et
405 1283 566 1341 Praeterea
589 1281 657 1340 binc
679 1283 785 1358 opinor
808 1283 904 1341 lucem
927 1281 1066 1341 subnasci
1088 1273 1192 1360 titulis,
1213 1300 1290 1358 qnos
1305 1282 1438 1343 nondum

132 1359 219 1406 vlvir
231 1359 301 1421 Aug.
320 1383 419 1460 tetigi,
453 1383 633 1443 difficillimis
664 1384 838 1443 Pisaurensi
869 1388 900 1443 et
931 1384 1111 1444 Ariminensi
1141 1402 1170 1459 p.
1194 1389 1232 1445 18
1266 1404 1295 1444 n.
1315 1388 1367 1446 40.
1389 1389 1440 1445 41.

316 1487 455 1561 Namque
477 1487 654 1547 coniecerim
678 1491 711 1545 ut
731 1486 803 1545 alibi
826 1485 962 1562 (inquam
980 1485 1156 1559 Mediolani)
1178 1487 1220 1547 ita
1235 1489 1323 1546 etiam
1345 1489 1376 1547 in
1393 1488 1439 1547 bis

316 1587 443 1665 oppidis,
464 1605 532 1647 cum
554 1606 676 1649 necesse
700 1592 779 1649 esset
800 1590 876 1648 iuter
888 1585 1064 1648 'sacer-dotes
1080 1607 1197 1649 annuos
1219 1593 1250 1648 et
1264 1608 1436 1651 communes

317 1690 429 1750 ordinis
445 1690 542 1750 socios
565 1689 756 1767 distinguere,
779 1691 846 1750 illos
861 1692 1009 1767 seesima,
1032 1692 1088 1751 bos
1102 1692 1242 1750 sexoiroa
1254 1692 1439 1766 Augustales

289 1793 484 1870 ›appellatos
511 1811 584 1852 esse.
612 1823 656 1833 -
686 1793 874 1869 Quamquam
906 1793 1039 1869 alioquin
1070 1795 1158 1853 etiam
1189 1794 1239 1853 bic
1268 1796 1439 1870 promiscue

316 1898 461 1972 utrosque
482 1896 619 1955 scxoiros
640 1896 717 1970 Auo.
741 1895 837 1955 dictos
863 1913 929 1955 esse
951 1914 1064 1972 negare
1086 1897 1165 1957 nolo.
1186 1926 1230 1938 -
1252 1897 1366 1978 Quodsi
1389 1915 1439 1956 cu-

317 1997 440 2075 piebant
475 1999 626 2074 expressis
661 1997 764 2058 verbis
798 1997 932 2057 indicare
971 1999 1101 2075 aliquem
1140 1999 1268 2076 primum
1305 1999 1439 2058 seviratu

317 2099 471 2178 iunctum,
500 2090 608 2160 deinde
630 2100 743 2160 ordinis
772 2101 885 2160 socium
912 2099 1022 2160 factum
1046 2119 1128 2178 esse,
1165 2105 1247 2161 certe
1276 2104 1441 2176 potueruut

315 2204 470 2263 emirum
492 2208 522 2261 et
540 2204 695 2262 eexoirom
717 2203 910 2277 deportatam
940 2220 1008 2262 eum
1037 2221 1157 2263 vocare.
1207 2204 1329 2263 Minime
1360 2204 1439 2263 enim

316 2305 396 2364 facio
417 2308 471 2394 aut
492 2323 559 2364 cum
582 2305 641 2383 eis,
663 2305 715 2381 qui
737 2305 943 2380 magistratum
973 2305 1128 2382 publicum
1157 2307 1206 2366 vel
1235 2305 1438 2366 sacerdotium

317 2392 496 2485 municipale
518 2408 618 2484 priore
645 2407 696 2466 illo
718 2410 821 2467 sexvir
842 2407 1004 2483 significari
1030 2411 1140 2485 putant
1151 2405 1192 2483 ¹),
1222 2411 1274 2466 aut
1296 2427 1363 2468 cum
1386 2408 1440 2486 eis,

317 2511 367 2588 qui
383 2512 427 2571 ita
447 2511 527 2570 hanc
549 2509 708 2570 formulam
731 2511 890 2588 explicant,
911 2514 945 2570 ut
960 2510 1079 2570 eosdem
1095 2514 1126 2570 et
1141 2510 1277 2569 servires
1292 2509 1440 2587 Augusta·

317 2615 360 2674 les
383 2616 413 2672 et
434 2612 571 2673 serviros
592 2613 669 2672 alius
692 2611 847 2672 cuiusdam
869 2611 987 2688 collegii
1010 2613 1168 2688 magistros
1194 2611 1287 2671 fuisse
1303 2609 1439 2684 dicanti)

317 2716 364 2775 llli
385 2715 462 2774 enim
485 2715 690 2791 coniecturae,
721 2718 932 2791 praeterquam
961 2713 1043 2791 quod
1077 2715 1262 2789 argumentis
1295 2714 1440 2774 destituta
1465 2772 1473 2785 ,.

318 2822 371 2896 est,
393 2819 481 2877 etiam
503 2816 643 2877 libertina
665 2817 783 2877 illorum
805 2817 939 2877 virorum
962 2816 1098 2876 condicio
1121 2817 1240 2876 obviam
1261 2821 1322 2893 est,
1354 2817 1440 2877 alteri
1536 2848 1545 2872 t

317 2920 425 2980 rationi
448 2920 564 2996 obstat,
600 2920 681 2996 quod
714 2920 752 2979 dc
773 2922 878 2979 scotris
909 2924 944 2980 ut
964 2920 1040 2979 alius
1063 2918 1216 2978 cuiusdam
1239 2919 1357 2995 collegii
1379 2937 1439 2978 ma·

317 3023 420 3099 gistris
441 3021 515 3082 nibil
536 3020 657 3081 aliunde
678 3023 849 3098 accepimus
871 3040 968 3098 eaque
991 3023 1029 3081 dc
1052 3039 1168 3098 caussa,
1190 3020 1242 3080 ubi
1264 3022 1344 3081 nude
1359 3040 1440 3081 oom-

318 3126 521 3184 memorantur
542 3123 715 3184 definitione
736 3105 923 3185 accuratiore
938 3143 997 3184 uon
1014 3123 1139 3200 adiecta,
1161 3122 1272 3183 serviri
1287 3124 1438 3200 Augusta·

318 3228 362 3287 les
384 3226 527 3287 notissimi
547 3227 620 3301 quin
641 3225 836 3303 intellegendi
857 3226 918 3285 sint
940 3225 1069 3285 dubitari
1092 3229 1231 3301 nequeat

153 3343 286 3391 Sententia
406 3329 543 3404 Denique
565 3328 665 3404 igitur,
686 3333 719 3387 ut
740 3328 798 3387 hoo
819 3330 925 3388 iterum
948 3346 1093 3404 premam,
1111 3327 1212 3387 verbis
1226 3330 1442 3401 clamorosa

99 3501 101 3505 ¹
130 3412 303 3542 lffilr'gjatffdff
321 3431 409 3490 seviri
432 3430 543 3490 nomini
565 3430 711 3506 adpositis
732 3430 854 3507 proprie
877 3431 1047 3490 continetur
1066 3430 1283 3489 incrementum
1306 3429 1440 3491 honoris:

137 3554 162 3595 et
180 3547 292 3609 Zumptii
322 3551 380 3610 quo
402 3536 515 3593 statuto
537 3533 654 3593 tollitur
676 3532 821 3592 dubitatio
844 3531 1072 3608 aMarquardto
1096 3531 1134 3591 de
1149 3532 1205 3591 bao
1220 3531 1351 3592 formula
1372 3551 1439 3608 pro·

148 3614 285 3732 ξζῗίζᾋῖῑίῗ
320 3635 389 3695 lata.
431 3637 497 3696 Nec
518 3653 591 3709 vero
615 3636 711 3694 minus
733 3633 867 3695 ciusdem
896 3634 1041 3694 formulae
1069 3633 1216 3710 originem
1247 3634 1287 3694 ad
1309 3652 1345 3694 ea
1366 3638 1439 3695 tem·

319 3756 394 3814 pora
415 3739 566 3814 revocavi,
588 3737 695 3813 quibus
718 3736 850 3796 seviratu
880 3735 977 3797 functi
1009 3735 1141 3796 noudum
1173 3754 1208 3796 eo
1238 3738 1304 3812 ipso
1337 3753 1439 3798 omnes

318 3839 430 3900 fiebant
451 3841 643 3916 Augustales.
686 3840 791 3916 Itaque
814 3839 902 3898 etiam
924 3839 1061 3916 Zumptio
1085 3835 1249 3911 satisfacti)

406 4037 427 4102 ¹)
445 4033 481 4089 oi,
498 4034 584 4089 Orelli
601 4034 636 4089 ad
654 4037 729 4088 3931.
1321 4045 1323 4049 ¹

404 4123 425 4185 ²)
444 4118 577 4187 Borghes.
596 4118 664 4173 bull.
684 4122 756 4173 1842.
780 4136 806 4188 p.
828 4121 884 4172 109.
909 4117 1082 4186 Furlanetto,
1105 4117 1194 4187 lapidi
1216 4119 1351 4173 Patavina
1376 4122 1438 4193 1847

319 4204 354 4260 cf.
373 4207 486 4260 Hennen
505 4220 533 4273 p.
551 4207 610 4258 316.

405 4293 427 4356 ³)
444 4306 472 4359 p.
488 4293 568 4344 tiss.
591 4288 626 4343 cl'.
650 4293 736 4357 p.63:
762 4303 841 4353 ,uam
866 4292 942 4342 certe
967 4303 1023 4342 uon
1052 4289 1191 4364 diceretur
1214 4288 1294 4343 Titus
1316 4285 1440 4356 Apinius

318 4377 391 4444 scoir
408 4375 536 4444 idemque
552 4373 726 4445 Augustalis,
744 4373 800 4428 uisi
817 4388 1026 4442 nonnumquam
1044 4373 1205 4441 accidisset,
1222 4379 1256 4428 ut
1273 4373 1321 4442 qui
1340 4373 1380 4427 VI
1396 4374 1440 4426 vir

319 4466 403 4530 essct,
421 4475 476 4514 non
495 4464 572 4515 esset
588 4456 780 4528 Augustalis.“
