3142 5138
137 757 193 806 Ara
206 757 308 805 Narbo·

170 840 264 895 nensrs.

326 366 367 428 28

324 559 384 600 non
407 542 517 618 esseut,
539 540 607 601 dico
629 541 791 617 ingenuos,
821 541 872 617 qui
904 539 943 602 ad
966 557 1090 600 munera
1118 539 1310 616 municipalia
1339 543 1446 617 postea

325 648 522 704 accesserant
1327 643 1328 646 ’

411 746 481 805 Non
502 764 529 804 a
542 746 654 805 maiore
676 744 801 822 collegio
832 744 887 804 sed·
912 763 930 803 a
952 762 1005 804 sex
1034 743 1242 805 sacerdotibus
1264 747 1295 805 in
1316 745 1446 822 Augusti

324 847 469 907 honorem
490 847 634 908 institutis
663 851 755 908 totam
779 847 1027 923 Augustalitatem
1050 847 1196 924 originem
1228 847 1339 929 ducere
1360 858 1446 926 prae*

324 953 407 1009 terea
427 950 512 1009 testis
540 954 586 1009 est
612 951 770 1026 inscriptio
795 967 866 1008 arae
887 948 1092 1010 Narbonensis
1101 946 1140 1035 ¹),
1169 950 1199 1009 in
1223 969 1284 1026 qua
1305 969 1446 1011 verorum

325 1051 491 1112 sevirornm
522 1052 703 1113 mentionem
733 1071 751 1110 a
777 1047 1008 1128 Marqnardto²l
1037 1049 1217 1128 Hernogioi)
1244 1056 1326 1113 recte
1356 1053 1446 1113 statui

323 1153 401 1213 infra
433 1155 535 1214 melior
568 1156 625 1215 erit
661 1155 778 1215 occasio
808 1153 964 1230 probandi
1017 1153 1065 1213 Ad
1096 1153 1153 1215 hoc
1185 1156 1348 1215 seviratum
1378 1174 1448 1216 cnm·

320 1245 362 1316 ¹ad
377 1262 495 1335 tempus
510 1246 639 1317 delatum
655 1275 721 1317 esse
743 1259 774 1318 in
790 1258 962 1317 universum
984 1256 1130 1316 hactenus
1145 1256 1318 1336 viderimus,
1340 1258 1445 1319 eodem

324 1360 373 1420 illo
396 1360 482 1420 titulo
505 1359 659 1446 conficitur
682 1361 829 1436 paranni
852 1360 980 1435 spatium
1002 1361 1068 1437 geri
1096 1360 1225 1436 solitum
1238 1378 1312 1420 esse.
1358 1361 1457 1435 Quod

324 1461 404 1520 enim
424 1462 464 1521 ibi
487 1463 648 1534 quotannis
677 1463 770 1537 terme
800 1461 904 1521 diebus
933 1465 995 1522 tres
1025 1461 1140 1538 equites
1162 1463 1288 1522 Romam
1315 1464 1457 1540 a‘plebe·

325 1569 354 1625 et
375 1568 437 1624 tres
459 1563 588 1625 libertini
610 1564 649 1624 ad
671 1583 752 1623 aram
775 1564 888 1625 hostias
909 1565 1063 1624 immolare
1085 1568 1177 1641 atque
1198 1565 1269 1625 thus
1291 1568 1321 1626 ct
1343 1566 1446 1626 vinum

324 1666 438 1725 civibus
464 1669 619 1743 praestare
641 1666 797 1744 iubentur,
829 1667 939 1727 eisdem
962 1666 1131 1731 hominibus
1158 1669 1240 1726 certe
1262 1686 1318 1743 per
1340 1687 1447 1727 unum

324 1787 436 1827 annum
466 1768 540 1828 hacc
570 1752 694 1828 munera
728 1769 841 1846 imponi
871 1769 1115 1846 intellegendum
1143 1772 1197 1829 est.
1249 1771 1386 1846 Denique
1415 1773 1449 1829 ut

324 1870 453 1932 honores
474 1871 612 1948 publicos
634 1873 676 1932 ita
698 1871 787 1932 etiam
810 1873 973 1932 seviratum
1001 1890 1134 1932 annuum
1156 1870 1250 1931 fnisse
1272 1873 1344 1945 veri
1358 1870 1446 1950 simil-

324 1973 425 2033 limum
448 1978 502 2034 est
1208 1984 1211 1991 ¹

136 2082 326 2145 Argumentum
411 2077 515 2137 Restat
537 2076 618 2136 aliud
641 2077 807 2136 sententiae
830 2095 913 2136 meae
944 2079 1153 2153 argumentum
1184 2079 1266 2136 certe
1296 2095 1355 2136 non
1377 2096 1447 2137 con-

155 2166 185 2198 ex
196 2150 308 2199 numeris

175 2218 273 2267 titulos.

326 2178 527 2240 temnendum.
570 2180 688 2239 Etenim
717 2181 743 2238 si
771 2182 853 2238 recte
876 2178 1024 2239 contendo
1046 2180 1077 2238 iu
1100 2179 1274 2239 universum
1296 2178 1447 2257 Angusta·

131 2286 317 2335 s'evirumetIV
329 2281 399 2341 lium
422 2281 556 2342 ordinem
579 2301 639 2342 non
662 2282 833 2342 constitisse
855 2283 909 2342 nisi
933 2301 971 2355 ex
994 2281 1100 2342 seviris
1122 2282 1230 2341 annuis
1253 2300 1376 2341 munere
1398 2282 1447 2342 de·

181 2355 264 2403 virum

151 2423 296 2488 repetitum.

326 2383 451 2444 functis:
474 2389 631 2461 exspectes
653 2383 809 2444 duovirum
832 2385 880 2444 vel
909 2385 1150 2463 quattuorvirum
1173 2388 1203 2444 et
1224 2384 1291 2444 inre
1316 2383 1447 2454 dicundo

326 2490 356 2545 et
378 2487 514 2547 aedilicia
535 2490 683 2564 potestate
706 2506 762 2548 nce
784 2507 844 2547 non
866 2487 1088 2565 praefectorum
1110 2487 1252 2547 titulossi
1275 2490 1447 2563 computen-

324 2593 389 2664 tur,
415 2588 454 2649 ad
477 2589 687 2665 Augustalium
718 2590 871 2649 titulorum
902 2607 1059 2650 nnmerum
1088 2588 1152 2650 fere
1183 2588 1307 2649 eandem
1336 2589 1446 2650 habere

324 2692 470 2752 rationem
492 2695 582 2769 atque
605 2696 746 2769 quattuor
767 2692 806 2752 ad
828 2711 890 2752 sex.
933 2691 1023 2767 Quod
1045 2693 1160 2751 etiamsi
1182 2710 1243 2752 non
1258 2691 1387 2768 quadrat
1409 2691 1448 2752 ad

324 2795 444 2871 singula
465 2795 589 2874 oppida,
612 2797 754 2872 qnoniam
775 2797 806 2855 in
829 2785 999 2855 huiusmodi
1027 2795 1117 2855 rebus
1140 2812 1228 2855 casus
1251 2794 1375 2855 multum
1396 2778 1447 2854 ra·

273 2968 275 2972 ι
325 2898 389 2973 luit,
410 2900 509 2957 tamen
531 2898 630 2958 locum
652 2898 762 2958 habere
786 2898 1035 2975 exspectabimus,
1058 2899 1082 2957 si
1097 2897 1136 2957 ad
1151 2898 1282 2956 calculos
1299 2894 1445 2957 vocantur

323 3000 403 3061 tituli
424 3003 553 3060 totarum
577 3001 806 3078 provinciarum.
849 3002 914 3061 Iam
935 3005 1055 3077 egomet
1075 3001 1106 3060 in
1129 2999 1209 3059 hunc
1224 2998 1344 3060 modum
1367 2998 1445 3059 forte

325 3103 494 3178 computavi
524 3103 626 3163 titulos
658 3103 718 3163 huc
746 3104 933 3181 pertinentes
962 3103 1097 3180 corporis
1119 3101 1207 3162 inser.
1230 3101 1389 3162 voluminis
1412 3102 1447 3161 V.

324 3204 425 3281 Atque
446 3205 547 3264 inveni
580 3205 661 3265 circa
683 3208 834 3267 trecentos
863 3210 893 3264 et
919 3205 1141 3282 quinquaginta
1162 3205 1191 3263 II
1213 3205 1310 3287 virum
1333 3204 1384 3262 vel
1405 3204 1448 3263 IV

324 3306 422 3367 virum
445 3311 474 3368 et
496 3308 719 3384 praefectorum
741 3327 777 3368 ae
806 3310 885 3367 circa
908 3308 1091 3385 quingentos
1114 3308 1156 3366 VI
1177 3306 1275 3366 virum
1297 3306 1447 3383 Augusta·

324 3410 395 3468 lium
427 3410 538 3471 titulos.
585 3412 624 3470 Hi
662 3415 761 3471 autam
798 3411 913 3471 numeri
951 3410 990 3470 ad
1025 3410 1171 3470 rationem
1209 3426 1301 3485 supra
1337 3408 1446 3468 dictam

324 3513 459 3589 proxime
480 3509 670 3599 accedunt.⁴)
941 3502 945 3509 ⁴

844 3658 849 3665 .
885 3610 924 3660 10.

545 3691 624 3747 Rure
642 3692 811 3765 Aupustates
826 3609 901 3761 fiius
917 3691 1039 3745 sevirutu
1057 3707 1113 3744 sou
1127 3689 1231 3760 fausti.

409 3804 623 3863 Verumtamen
638 3804 774 3879 quamvis
790 3803 840 3863 lex
854 3801 954 3879 fuerit,
977 3805 1009 3862 ut
1024 3800 1173 3861 seviratus
1190 3800 1447 3870 administratione

325 3906 531 3982 Augustalitas
554 3906 777 3983 acquireretur,
807 3904 1021 3966 nihilominus
1046 3920 1271 3980 nonnumquam
1295 3902 1447 3981 accidisse,
1551 3968 1554 3975 ,

412 4070 432 4134 ¹)
449 4067 541 4121 Wilm.
561 4069 618 4120 ros,
636 4065 717 4120 Hera.
738 4071 759 4118 1.
931 4068 953 4132 ²)
970 4082 997 4134 p.
1011 4070 1069 4119 507.
1240 4066 1262 4131 ³)
1280 4080 1307 4133 p.
1321 4068 1377 4118 198.

409 4156 432 4220 ⁴)
450 4153 620 4221 Quamquam
644 4152 789 4220 profiteor,
814 4153 843 4204 in
864 4152 927 4205 aliis
951 4151 1127 4219 regionibus,
1150 4156 1183 4204 ut
1207 4149 1324 4218 posthae
1341 4150 1446 4218 inveni,

323 4237 419 4292 horum
441 4252 617 4291 numerorum
642 4236 776 4290 rationem
801 4252 863 4290 cum
886 4237 938 4290 hac
960 4250 1056 4290 norma
1079 4252 1135 4289 non
1162 4235 1323 4290 convenire.
1340 4292 1342 4298 ,
1360 4235 1446 4290 Guius

323 4322 363 4377 rei
381 4337 497 4377 caussae
514 4337 571 4376 non
590 4327 655 4376 sunt
672 4321 816 4376 obscurae.
