3142 5138
1212 513 1252 573 27

216 687 371 745 Postremo
394 702 458 744 eam
482 704 617 763 qnoque,
655 706 745 763 qnam
776 706 868 764 supra
897 688 986 747 tertio
1009 688 1075 748 loeo
1097 689 1251 765 proposui,
1268 697 1349 746 Tituli
1361 692 1439 776 ints
1470 670 1473 675 ¹

132 789 345 865 difficultatem,
367 788 502 864 qanuis
525 790 686 867 perlegerit
708 809 786 867 quae
808 792 954 850 haetenus
970 792 1095 868 exposui
1114 792 1171 849 iam
1186 791 1251 867 ipse
1263 772 1444 883 Ρῐῖξζέἐῗυξχ

132 891 186 952 sibl
208 890 413 977 explicaverit.
463 892 581 950 Etenim
615 893 796 968 Augustales
829 895 1004 984 corporatos
1037 897 1107 952 ante
1138 893 1252 964 seviros
1286 851 1303 900 p
1415 870 1422 884 ⁰

131 995 280 1056 exstitisse
303 994 352 1054 vel
374 995 404 1053 in
426 994 638 1070 Augustalium
670 995 803 1073 collegiis
832 1012 892 1055 non
924 1013 1037 1073 pansos
1059 996 1170 1071 inisse,
1201 994 1252 1070 qni

131 1099 261 1158 seriratu
284 1115 345 1156 uon
368 1095 599 1174 essentlnnotl,
632 1097 671 1156 ad
693 1097 723 1157 id
747 1097 1000 1174 comprobandum
1034 1098 1113 1157 tituli
1143 1095 1251 1157 ibidem

132 1199 339 1261 communicati
364 1199 484 1258 omnino
508 1198 582 1258 nibil
597 1204 734 1275 possunt
776 1198 868 1260 Immo
883 1201 1032 1277 praebent
1043 1200 1128 1281 nobis
1144 1217 1251 1259 nomen

31 1355 33 1360 .
131 1305 261 1382 priscum
284 1304 375 1378 atque
398 1302 529 1360 solemne
550 1302 580 1360 iu
604 1302 783 1378 quibusdam
798 1302 969 1378 regionibus
980 1304 1122 1362 usitatum
1140 1320 1252 1364 eornm

132 1405 183 1483 qui
205 1405 337 1465 seviratu
360 1402 566 1463 administrato
588 1404 717 1480 insignia
739 1409 769 1464 et
789 1405 856 1464 iura
878 1406 1007 1464 sevirum
1029 1404 1251 1482 inperpetuum

132 1507 232 1568 naneti
253 1506 388 1567 ordinem
403 1507 613 1583 Augustalium
635 1505 792 1567 faciebant
835 1508 876 1566 At
891 1507 1001 1567 dixerit
1024 1506 1153 1566 fortasse
1173 1507 1252 1582 quis-

132 1611 220 1687 piam,
241 1626 350 1686 posse
371 1613 471 1668 tamen
494 1608 559 1668 illos
582 1608 686 1669 titulos
707 1611 750 1669 ita
772 1610 915 1687 intellegi,
938 1608 1025 1686 quasi
1049 1614 1119 1668 ante
1141 1610 1250 1667 sevira-

131 1717 192 1773 tum
215 1716 330 1788 gestum
353 1710 400 1770 isti
423 1711 557 1771 homines
581 1707 758 1786 dehonestates
786 1729 804 1770 a
826 1710 1039 1771 decurionibus
1068 1711 1160 1770 creati
1183 1711 1251 1769 sint.

132 1816 186 1877 Gni
206 1813 374 1892 respondeo
396 1817 459 1872 tum
482 1815 585 1890 utique
608 1813 799 1874 scribendum
821 1813 929 1874 fnisse:
952 1814 1128 1888 dinomenes
1143 1829 1169 1872 e.
1183 1813 1250 1872 dd.

132 1923 164 1978 et
185 1918 234 1977 vel
255 1917 335 1975 idem
356 1916 459 1974 seeoir
490 1916 539 1976 vel
568 1917 656 1975 etiam
679 1917 758 1975 idem
779 1932 881 1976 eorum
902 1917 1008 1975 seeoir
1039 1916 1086 1976 vel
1113 1917 1172 1976 tale
1198 1915 1251 1974 ali-

132 2019 203 2097 quid
243 2018 332 2078 alind.
383 2019 460 2077 Nam
492 2019 535 2077 sie
567 2017 631 2078 lere
658 2019 854 2096 collegiorum
890 2018 979 2092 souti,
1006 2019 1057 2095 qui
1088 2018 1250 2077 honoribus

132 2122 257 2200 posthae
278 2122 309 2180 in
333 2122 375 2181 eis
397 2121 491 2180 functi
515 2127 601 2198 suut,
623 2121 727 2181 titulos
748 2139 819 2181 suos
841 2140 959 2198 semper
981 2126 1173 2196 componunt.
1216 2119 1250 2179 Id

134 2225 213 2302 qnod
236 2225 279 2284 eis
302 2224 354 2301 qui
382 2224 486 2283 titulos
516 2229 627 2283 norunt
656 2242 715 2283 non
746 2227 791 2283 est
817 2242 872 2283 eur
901 2223 1110 2284 demonstrem.
1162 2221 1250 2296 Quod
1349 2279 1358 2289 ,

131 2342 204 2386 vero
225 2326 300 2386 illud
322 2328 353 2386 in
375 2325 421 2385 bia
443 2327 537 2386 titulis
559 2344 713 2403 nunquam
743 2328 910 2404 reperitur,
937 2326 1104 2386 oertlssime
1131 2325 1250 2384 nouolu-

132 2430 227 2489 dimus
249 2429 502 2505 Augustalitatem
530 2446 585 2505 per
614 2430 776 2490 seviratum
805 2430 854 2488 vel
880 2429 1050 2489 accuratius
1078 2431 1149 2505 post
1182 2444 1249 2486 eum

130 2531 194 2591 iere
217 2531 393 2609 acquisitam
422 2547 497 2590 esse.
541 2530 680 2591 Ceterum
715 2532 829 2591 etiamsi
866 2548 922 2608 per
950 2549 982 2591 se
1011 2547 1167 2607 possemus
1195 2529 1250 2588 hos

130 2633 232 2694 titulos
261 2634 291 2692 in
324 2633 410 2692 istam
442 2634 619 2693 sententiam
652 2635 907 2710 interpretari-
935 2632 1016 2711 quod
1039 2633 1158 2692 minimo
1180 2650 1249 2690 eon·

131 2735 221 2797 eodo·
239 2750 288 2814 -'‚
309 2739 409 2796 tamen
445 2753 504 2795 non
538 2736 642 2795 liceret
668 2740 792 2813 propter
823 2754 859 2796 ea
892 2753 970 2813 quae
992 2752 1084 2812 supra
1117 2735 1250 2810 exposui.

131 2836 230 2915 Atque
260 2856 298 2898 ox
326 2838 413 2898 titulo
436 2838 588 2897 Verulano
615 2857 643 2914 p.
660 2841 717 2897 21:
732 2857 759 2897 n.
777 2842 814 2898 11
847 2857 907 2898 non
937 2854 1041 2898 omnes
1063 2838 1247 2911 Augustales
1307 2846 1394 2886 contra

131 2939 225 3000 luisse
252 2941 397 3000 sevirales
418 2941 579 2999 Hennenus
605 2940 715 3000 iniuria
737 2941 864 3018 collegit
876 2938 899 3013 ¹)
943 2940 1062 3001 Sollioet
1084 2942 1184 2998 utrum
1207 2938 1249 2997 di·
1272 2909 1431 2955 Hennenum.

132 3045 230 3121 eatur,
259 3046 293 3102 nt
318 3042 382 3103 fere
413 3043 538 3118 assolet,
574 3044 654 3102 seut·
675 3060 714 3101 an
744 3044 846 3120 paullo
869 3043 1038 3104 aoeuratius
1059 3042 1199 3100 neutralis
1221 3045 1251 3100 et

131 3146 218 3220 Auo„
242 3144 280 3203 ad
303 3144 449 3204 formulae
472 3145 623 3204 notionem
646 3145 719 3204 nibil
734 3147 868 3206 interest.
913 3146 1006 3205 Immo
1022 3144 1103 3222 quod
1119 3144 1157 3204 sd
1173 3144 1251 3202 hano

131 3266 193 3307 rem
215 3248 335 3324 attinet,
356 3245 387 3305 in
409 3247 529 3306 titulum
546 3247 728 3307 Verulanum
751 3246 829 3308 idem
853 3248 981 3325 quadrat
1001 3246 1144 3306 iudicium
1160 3249 1250 3322 atque

131 3350 162 3409 in
184 3350 336 3409 Veientem
367 3354 397 3409 et
424 3350 655 3410 Interamnatem
685 3369 713 3426 p.
736 3353 774 3409 21
804 3369 833 3409 n.
855 3354 874 3410 9
898 3353 928 3409 et
951 3353 999 3410 10.
1051 3349 1164 3422 Quodsi
1194 3348 1250 3407 siu·

131 3451 226 3529 gulari
248 3469 374 3511 numero
403 3452 484 3510 sevir
506 3456 537 3510 et
559 3453 732 3527 superate
752 3454 924 3530 saepissime
948 3457 1077 3530 ponatur
1100 3450 1138 3511 ad
1161 3450 1250 3526 signi-

132 3551 282 3612 ficandum
306 3571 372 3613 eum
396 3553 447 3630 qni
471 3554 602 3618 sevirutu
625 3555 802 3631 perfunotus
833 3556 864 3615 ln
886 3556 1019 3616 ordinem
1041 3553 1249 3630 Augustalium

131 3651 298 3727 transiit²lt
335 3656 407 3731 quin
429 3657 549 3716 tandem
571 3656 681 3734 plurali
710 3638 838 3717 numero
866 3659 997 3718 universi
1025 3656 1138 3716 ordinis
1167 3655 1250 3730 sotii,

132 3757 243 3833 quippe
274 3756 325 3833 qui
343 3757 346 3762 ’
365 3776 467 3817 omues
504 3755 637 3818 seviratu
667 3763 753 3835 gesto
785 3779 803 3819 a
832 3759 1042 3820 decurionibus
1069 3758 1249 3834 Augustales

132 3859 224 3919 creati
247 3858 321 3936 sint,
342 3861 515 3918 neutralium
538 3858 592 3934 (=
613 3863 739 3921 sevirum
763 3882 790 3921 n.
813 3865 831 3922 9
856 3865 886 3921 et
910 3861 961 3934 10)
989 3867 1020 3920 et
1040 3860 1250 3935 Auqmtulium

132 3961 251 4020 nomine
273 3960 396 4021 solemni
418 3962 534 4039 possint
555 3956 678 4022 vocari?
706 3963 779 4025 Cum
802 3964 976 4042 praesertim
1000 3981 1107 4024 nomen
1138 3962 1250 4020 seviro-

133 4064 204 4122 lium
226 4063 315 4122 etiam
341 4068 502 4142 propterea
531 4084 569 4125 ne
599 4066 752 4126 suffecerit
789 4064 909 4143 quidem
945 4065 983 4125 ad
1009 4067 1084 4125 istos
1110 4067 1251 4124 accurate

131 4164 350 4240 significandos,
374 4167 454 4243 quod
478 4186 539 4228 non
561 4168 686 4229 deerant
707 4172 862 4245 sevirales,
884 4171 934 4245 qui
951 4169 1137 4244 depostulet
1152 4165 1248 4227 eidem

132 4312 335 4322 ..n—...—

218 4378 226 4410 ¹
277 4378 385 4432 .l99.s.
454 4385 461 4395 ’

219 4378 242 4530 2))
256 4391 299 4516 ξω
316 4463 427 4531 quidem
445 4470 477 4518 ut
494 4463 636 4534 Zumptins
654 4465 738 4520 etiarn
756 4467 905 4523 Hensenus
922 4466 974 4522 hoo
991 4465 1127 4523 oonoedit
