3180 5370
1155 402 1263 462 χ93

187 580 232 637 10.
256 578 287 639 0.
319 576 436 636 Betulio
467 576 628 652 Eutycheti
657 577 757 635 seviro
788 574 915 651 August.
965 574 1045 634 Huic
1067 573 1140 633 ordo
1164 573 1264 632 decur.
1351 624 1353 627 .

292 679 422 756 Peltuin.
445 678 482 739 ob
506 679 611 738 merita
633 679 698 737 eius
721 678 867 736 bisellium
890 676 1025 736 decrevit
1051 718 1263 736 .....

905 781 929 839 Ι.
944 780 981 838 Ν.
997 782 1088 839 6042.
1111 778 1250 838 Peltuini.

185 889 232 943 11.
256 926 286 942 ..
310 874 514 964 [Potentijnua
546 883 607 942 dec.
635 883 685 942 lib.
715 883 833 959 Dignus
862 873 913 961 [ob
936 864 1094 962 ho]norem
1117 881 1213 940 biselli
1236 883 1265 939 et

294 985 425 1063 Aug...
450 985 532 1045 dedit
558 986 668 1064 singul.
699 982 776 1057 [dec.
798 984 857 1045 Hs.
877 974 919 1064 ..j
950 984 1027 1060 Aug.
1055 984 1103 1044 Hs
1129 984 1187 1047 Xll
1213 1001 1265 1059 po·

293 1089 365 1164 pulo
388 1089 436 1149 Hs
473 1132 480 1147 .
519 1152 520 1158 ἵ
524 1131 838 1147 .......
904 1088 925 1145 l.
940 1087 978 1146 N.
1017 1089 1086 1147 391.
1101 1087 1265 1146 Potentiae.

225 1192 294 1250 Non
310 1196 392 1250 recte
407 1194 504 1250 autem
521 1191 648 1250 coniecit
662 1187 869 1268 Fabrettius¹)‚
891 1184 1018 1267 quonum
1034 1186 1260 1261 Mommsenus2)
1312 1194 1414 1258 Quibus

108 1283 109 1286 ¹
142 1293 261 1352 videtur·
285 1294 471 1369 consentire,
494 1294 642 1352 bisellium
666 1293 781 1368 insigne
805 1309 870 1352 esse
899 1293 970 1352 solis
992 1292 1209 1368 Augustalibus
1230 1293 1260 1350 iu
1295 1264 1434 1382 tffdrergii?

141 1395 311 1470 municipiis
342 1412 533 1472 concessum;
571 1396 725 1455 enimvero
763 1396 864 1454 naneti
896 1399 966 1454 sunt
995 1396 1082 1454 etiam
1111 1396 1162 1471 qui
1201 1413 1260 1454 non

141 1500 227 1558 erant
248 1498 342 1583 eidem
358 1498 540 1574 Augustales
564 1498 602 1559 ef.
620 1499 640 1556 l.
656 1498 694 1556 N.
710 1500 802 1558 4040.
818 1500 912 1558 4209.
937 1500 1028 1559 6035.
1052 1495 1101 1557 Οι.
1113 1499 1206 1558 4046.
1220 1526 1264 1536 -

142 1599 258 1659 Deinde
281 1619 340 1660 non
363 1619 433 1660 raro
456 1601 624 1660 biselliatus
648 1619 714 1659 cum
735 1600 916 1659 ornamentis
932 1600 1172 1661 decurionalibus
1195 1618 1263 1659 con·

143 1703 279 1779 iungitur
288 1700 330 1781 ³),
367 1703 421 1763 sed
453 1705 574 1780 saepius
604 1703 686 1763 solus
718 1699 901 1775 tribuitur·⁴).
944 1702 1024 1776 Quid
1055 1707 1154 1763 autem
1184 1703 1258 1761 iuris
1288 1705 1439 1785 Quidlvelit

142 1803 233 1864 suerit
256 1806 442 1882 biselliariis,
464 1807 494 1864 in
519 1825 577 1866 uno
599 1806 703 1883 titulo,
725 1824 812 1882 quem
836 1803 924 1864 modo
946 1805 1082 1884 laudavi,
1113 1805 1261 1882 expressis
1286 1775 1438 1824 brselhatus.

142 1908 242 1967 verbis
266 1908 447 1968 describitur
468 1908 498 1966 in
522 1909 603 1968 hunc
626 1908 761 1968 modum:
785 1908 936 1981 liceatque
952 1908 980 1967 ei
994 1907 1128 1966 omnibus
1142 1913 1264 1981 spectu-

143 2011 221 2068 culis
243 2012 407 2083 municipio
429 2017 534 2069 nostro
557 2009 671 2069 bisellio
696 2013 829 2084 proprio
860 2011 1143 2086 interloquentes
1166 2011 1266 2070 consi·

142 2111 216 2171 dere
236 2110 277 2184 (n.
293 2110 333 2183 3).
378 2113 467 2186 Quod
490 2111 566 2183 bene
590 2113 728 2188 congruit
750 2131 817 2171 cum
840 2113 892 2190 eis,
915 2131 991 2189 quae
1014 2112 1051 2172 de
1074 2113 1208 2173 locorum
1232 2114 1261 2171 in
1279 2117 1320 2163 De
1337 2092 1406 2196 litis.
1423 2114 1451 2164 in

143 2215 369 2291 municipiorum
393 2215 573 2291 spectaculis
596 2215 803 2292 adsignatione
825 2221 984 2292 praeterea
1000 2220 1152 2292 comperta
1174 2215 1261 2275 habe·
1286 2199 1446 2316 fflffi‘s

142 2336 217 2377 mus.
261 2320 360 2393 Atque
376 2319 575 2377 Mommsenus
597 2317 811 2378 decurionibus
833 2318 990 2396 bisellium,
1012 2337 1078 2377 cum
1101 2337 1263 2395 numquam
1287 2320 1441 2383 insignibus.

142 2420 280 2479 videatur
312 2421 470 2496 separatim
490 2420 631 2496 decerni,
667 2439 723 2496 per
752 2437 784 2479 se
815 2421 889 2496 ipsis
918 2421 1065 2480 universis
1087 2422 1263 2481 convenisse

143 2523 283 2598 opinatus
306 2526 358 2581 est.
404 2522 459 2582 Ou'i
481 2504 614 2598 opinioni
637 2526 799 2598 propterea
821 2541 882 2581 non
906 2523 1104 2598 adsenserim,
1134 2523 1215 2598 quod
1238 2524 1263 2582 si

144 2629 224 2684 esset
246 2643 335 2702 vera,
367 2625 456 2683 etiam
488 2625 526 2684 ad
551 2625 789 2684 ornamentarios
812 2624 991 2684 decuriones
1023 2625 1171 2685 bisellium
1198 2626 1262 2701 ipsc

143 2727 209 2786 iure
233 2727 413 2802 pertinuisse
435 2727 600 2803 putandum
623 2726 711 2785 soret.
755 2726 814 2786 Sed
841 2726 887 2784 his
921 2726 1000 2785 haud
1024 2745 1092 2786 raro
1117 2732 1154 2795 ut¹
1170 2728 1261 2786 inere·
1331 2807 1334 2813 .

144 2833 272 2888 mentum
304 2830 426 2888 honoris
455 2829 529 2888 illud
553 2829 690 2888 adicitur.
735 2829 825 2888 Immo
856 2846 978 2906 vereor,
1010 2847 1046 2887 ne
1075 2830 1262 2905 superiorum
1341 2821 1345 2827 ’

143 2931 282 2990 ordinum
298 2931 518 3007 decurionibus
539 2931 605 2990 dico
622 2931 901 3008 quinquennaliciis‚
915 2931 1121 3008 flaminalibus,
1143 2932 1172 2990 lI
1187 2931 1262 2989 vira·

59 3061 63 3068 ·
143 3034 234 3110 liciis,
256 3033 577 3112 aediliciis,‘bisellium
605 3034 675 3091 solis
697 3033 851 3109 proprium
883 3032 990 3110 fuerit,
1019 3036 1124 3093 contra
1147 3035 1263 3110 ceteris,

143 3133 210 3194 dico
234 3128 384 3212 pedanis,'
399 3137 437 3195 sit
459 3136 647 3210 denegatum.
692 3135 749 3208 Qui
772 3134 898 3195 fortasse
929 3135 1077 3195 subselliis
1107 3140 1159 3195 aut
1181 3136 1263 3195 sellis

142 3239 385 3316 simplicioribus,
408 3238 512 3314 quales
534 3239 645 3313 Romae
668 3242 841 3314 quaestores
861 3233 1061 3311 ‘habebanmb
1093 3238 1263 3297 debuerunt

71 3322 74 3327 ¹
142 3340 277 3398 contenti
299 3358 374 3399 esse.
420 3341 457 3398 Hi
481 3340 589 3416 igitur,
618 3339 755 3416 quamvis
783 3339 849 3398 loco
872 3340 1064 3399 honoratiore
1088 3339 1261 3399 biselliarios

141 3441 296 3501 libertinos
319 3444 469 3501 anteirent
498 3443 535 3501 ab
559 3443 667 3519 eisque
685 3445 785 3502 esseut
814 3442 960 3517 separati,
992 3444 1090 3500 tamen
1124 3441 1261 3501 sedilium

141 3544 299 3619 splendore
330 3547 368 3604 ab
392 3545 434 3603 eis
457 3545 589 3620 superati
612 3549 689 3603 sunt.
734 3542 845 3602 Contra
867 3544 892 3600 si
915 3545 994 3602 inter
1016 3561 1104 3603 veros
1126 3544 1261 3603 decurio·
1325 3531 1330 3554 ¹

141 3664 195 3704 nes
218 3647 428 3706 ornamentarii
452 3647 549 3706 locum
573 3644 761 3721 habuissent,
793 3646 844 3721 qui
867 3663 903 3704 ex
926 3645 972 3703 his
1001 3646 1090 3704 simul
1113 3652 1200 3705 erant
1221 3647 1262 3705 bi·

141 3749 228 3808 sellio
252 3751 358 3826 ornati,
381 3749 559 3808 decuriones
580 3744 715 3823 pedanos
739 3747 818 3806 omni
842 3764 879 3805 ex
895 3752 980 3822 parte
997 3747 1125 3808 fuissent
1148 3747 1261 3806 honore

229 3946 248 4012 ¹)
267 3945 396 4013 Inscript.
414 3945 499 4012 antiq.
518 3984 524 3997 .
543 3984 549 3996 .
569 3943 670 4011 explic.
688 3943 725 3996 ad
743 3958 765 3997 c.
785 3946 799 3995 3
818 3958 845 3996 n.
859 3946 916 3996 604.

226 4032 249 4097 ²)
267 4029 365 4084 Statsr.
384 4030 406 4098 l,
425 4033 473 4082 391
492 4029 556 4082 adn.
575 4032 599 4082 2.

225 4118 248 4181 ³)
265 4115 300 4169 cf.
318 4131 345 4168 n.
359 4120 383 4168 3.
401 4130 427 4168 n.
441 4120 465 4167 4.
483 4114 505 4166 Ι.
518 4114 551 4167 N.
570 4118 645 4167 4040.
663 4116 738 4167 4209.
757 4118 832 4167 6035.

227 4202 250 4268 ⁴)
269 4201 303 4266 V,
322 4204 397 4255 5909.
422 4199 524 4265 (Oc-H.
544 4198 630 4252 7126?
649 4198 683 4253 cl'.
707 4213 792 4266 supra
810 4214 837 4266 p.
852 4201 902 4261 13.)
921 4197 942 4251 Ι.
955 4197 987 4250 N.
1007 4200 1064 4250 set.
1088 4199 1160 4249 2342.
1187 4199 1261 4253 2346.

140 4288 214 4337 csso.
233 4289 308 4337 rara.
327 4289 402 4339 5214.
423 4288 499 4339 sorr.
1238 4270 1242 4279 “

225 4372 247 4436 ⁶)
265 4368 300 4423 cf.
319 4370 471 4424 Mommsen
489 4371 506 4423 l.
520 4370 536 4423 l.
555 4369 576 4437 l,
594 4373 652 4423 381.
