3180 5370
362 586 527 647 secundum
557 586 669 664 oppida
697 586 839 662 disposui.
891 586 958 660 Quo
988 586 1017 644 in
1049 587 1169 660 negotio
1201 603 1292 645 unum
1322 585 1489 644 alterumve

363 708 408 750 me
438 689 565 767 fugisse,
594 693 709 748 tantum
740 708 799 748 nou
832 678 1002 765 graviores,
1032 689 1095 764 ipse
1124 676 1301 764 persuasum
1331 687 1426 747 habeo
1458 691 1489 745 et

363 792 490 851 candide
512 791 664 868 profiteor.

193 891 347 954 Dispositio.
452 895 608 954 Materiam
630 912 703 953 vero
725 897 819 952 totam
841 895 883 952 ita
906 893 1064 970 disponere
1087 912 1105 952 e
1126 894 1269 951 revisum
1286 893 1488 969 estutprimo

363 999 429 1057 loco
452 1000 624 1074 quaeratur,
646 997 697 1072 qui
720 994 832 1055 fuerint
855 996 1037 1073 Augustales
1061 999 1090 1055 et
1113 1014 1200 1071 quem
1223 995 1260 1054 ad
1284 994 1403 1054 modum
1419 1012 1489 1052 con·
1520 1001 1522 1005 “

363 1100 465 1174 stituti,
486 1098 593 1174 altero,
616 1117 676 1174 quo
692 1102 826 1174 tempore
850 1100 880 1156 et
902 1081 983 1157 unde
1006 1099 1151 1172 originem
1174 1099 1316 1174 ceperint.
1350 1096 1488 1156 Ceterum

363 1200 459 1260 fusius
475 1219 561 1276 agam
577 1200 672 1260 solum
696 1200 733 1258 de
757 1200 845 1258 rebus
870 1201 1053 1276 grauissimis
1069 1200 1182 1275 eisque,
1204 1199 1360 1275 inquibus
1380 1199 1488 1276 opinio,

363 1321 442 1379 quae
471 1321 551 1361 nunc
578 1302 674 1377 valet,
704 1303 774 1361 mihi
803 1302 932 1362 videtur.
952 1306 1005 1361 aut
1033 1301 1220 1378 repudianda
1250 1304 1304 1359 aut
1333 1304 1414 1360 certe
1437 1302 1488 1358 im-

364 1404 669 1482 mutanda31eviores
692 1404 781 1462 etde
804 1405 914 1479 quibus
937 1404 1017 1479 quod
1041 1422 1152 1463 novum
1175 1405 1296 1462 afferam
1313 1421 1373 1462 non
1392 1404 1488 1463 habeo

364 1510 416 1567 aut
438 1507 536 1566 obiter
557 1510 680 1583 tangam
704 1510 757 1565 aut
778 1506 868 1581 plano
891 1507 1031 1565 omittam.

738 1890 879 1993 Caput
904 1889 1115 1991 primum.

473 2063 530 2136 De
557 2063 716 2136 sevirum
743 2063 1006 2157 Augustalium
1033 2062 1178 2135 notione
1205 2071 1241 2134 et
1269 2071 1377 2136 statu.

766 2221 869 2328 'rare
891 2235 1071 2303 generalis.

898 2418 956 2481 §A

721 2515 765 2572 De
783 2517 903 2572 sevirum
921 2519 991 2588 Aug.
1010 2518 1131 2573 notione.

177 2645 259 2694 Seviri
283 2659 364 2693 sacer·
451 2629 539 2704 Quod
561 2628 653 2706 igitur
675 2628 846 2704 quaeritur,
877 2627 947 2704 quid
971 2629 1009 2687 sit
1029 2627 1251 2705 August-alites,
1281 2628 1378 2703 qualis
1401 2628 1492 2688 fuerit

194 2715 268 2762 dotes
289 2713 347 2790 ,ΑΠ’
365 2731 575 2807 Augustalium
605 2731 682 2789 ratic
712 2728 761 2788 vel
791 2729 946 2806 condicio,
974 2728 1005 2787 id
1043 2729 1107 2789 fere
1137 2726 1254 2805 semper
1282 2731 1360 2789 iuter
1387 2748 1491 2791 omnes

228 2788 305 2843 guse.
366 2835 514 2911 constitit,
547 2831 586 2891 ad
624 2833 836 2909 imperatorum
865 2832 977 2893 cultum
1014 2831 1071 2890 hoc
1106 2832 1275 2891 institutum
1311 2833 1490 2910 municipale

364 2939 517 3012 spectasse
547 2938 576 2994 et
606 2935 741 2995 Caesaris
773 2934 903 3010 Augusti
933 2934 1120 2993 venerationi
1149 2933 1216 2992 illos
1248 2935 1369 3011 proprie
1399 2934 1492 2995 luisse

365 3038 538 3098 destinatos.
581 3038 682 3113 Atque
705 3036 793 3114 hanc,
820 3035 963 3112 quamdiu
986 3036 1100 3095 exstitit
1122 3036 1344 3113 Augustalitan,
1374 3055 1491 3114 semper

365 3141 509 3199 mansisse
537 3140 689 3215 propriam
717 3139 795 3198 illius
818 3139 969 3198 notionem
993 3141 1023 3197 et
1045 3155 1149 3197 verum
1172 3137 1397 3198 fundamentum
1420 3139 1490 3198 inde

365 3242 509 3318 sequitur,
532 3240 612 3316 quod
635 3241 690 3300 sub
714 3241 826 3300 exitum
849 3240 963 3299 saeculi
984 3258 1013 3315 p.
1036 3239 1104 3298 Ohr.
1126 3240 1216 3317 tertii,
1238 3258 1307 3299 cum
1327 3241 1492 3300 christiana

364 3343 471 3420 religio
499 3361 625 3419 regnum
656 3343 787 3402 nancisci
817 3342 977 3419 inciperet,
1006 3359 1066 3400 una
1089 3360 1156 3401 cum
1180 3343 1287 3401 ceteris
1310 3343 1439 3402 cultibus
1461 3347 1492 3402 et

365 3444 570 3504 sacerdotibus
612 3446 739 3522 paganis
784 3444 871 3504 etiam
916 3443 1099 3520 Augustales
1142 3444 1281 3503 videntur
1326 3445 1492 3504 evanuisse

364 3547 526 3607 Praeterea
558 3547 702 3607 disertum
740 3547 828 3607 huius
869 3548 912 3607 rei
950 3546 1162 3607 documentum
1199 3547 1368 3606 continetur
1403 3546 1490 3606 titulo

365 3649 527 3725 sepulcrali
556 3649 724 3709 Puteolano
746 3650 769 3708 Ι.
792 3649 829 3708 N.
853 3650 950 3708 2527:
973 3691 1003 3706 ..
1028 3647 1059 3718 O.
1081 3647 1195 3707 Insteio
1217 3647 1404 3707 Diadumeno
1433 3649 1492 3706 Aac

364 3752 490 3824 pastali.
523 3752 618 3809 coluit
647 3751 737 3808 cuuis
760 3749 916 3809 XXXXV
933 3794 940 3807 .
964 3793 971 3807 .
997 3793 1004 3806 .
1044 3749 1131 3810 Unde
1153 3755 1281 3826 apparet
1303 3750 1389 3811 etiam
1411 3768 1491 3810 anuo

367 3855 428 3913 176
450 3870 479 3929 p.
502 3852 570 3912 Ohr.
593 3871 630 3923 n.‚
660 3870 720 3927 quo
750 3853 782 3911 in
815 3851 919 3911 eodem
948 3850 1049 3926 lapide
1082 3850 1116 3924 Q,
1147 3851 1275 3911 Insteius
1304 3851 1412 3911 dicitur
1441 3850 1491 3911 de

366 3954 502 4031 cessisse,
526 3955 639 4015 cultum
655 3953 787 4015 habitum
803 3970 869 4014 esse
885 3962 993 4013 munus
1008 3953 1181 4029 primarium
1198 3972 1264 4013 cum
1278 3953 1491 4029 Augustalium

186 4067 349 4119 ordo'muni-
368 4057 482 4116 honore
505 4057 704 4116 coniunctum.
754 4057 818 4116 Neo
845 4073 919 4116 vero
942 4055 1039 4115 miuus
1061 4057 1092 4115 in
1115 4074 1150 4116 eo
1174 4074 1285 4116 omnes·
1299 4056 1492 4117 consentiunt

217 4138 316 4202 cipalis.
368 4177 405 4219 ex
435 4159 491 4218 isto
520 4150 643 4218 munere
672 4161 789 4217 tantum
807 4157 865 4216 eis
895 4158 1047 4216 affluxisse
1079 4158 1215 4235 honoris,
1246 4163 1279 4216 ut
1308 4160 1339 4217 in
1370 4157 1491 4217 modum

366 4260 482 4335 collegii
498 4260 649 4319 constituti
665 4258 703 4318 de
718 4260 835 4335 reliqua
854 4259 942 4336 plebe
965 4277 1033 4317 mox
1055 4265 1288 4318 secernerentur
1309 4263 1339 4319 et
1361 4264 1394 4319 ut
1416 4261 1492 4321 alter

366 4361 440 4422 crdo
463 4364 535 4422 satis
559 4362 756 4438 conspicuus,
786 4361 923 4439 quamvis
946 4361 1041 4437 primo
1068 4360 1202 4437 inferior,
1224 4361 1437 4422 decurionibus
1458 4380 1491 4421 se
