3142 5138
1251 497 1288 558 31

172 675 295 735 honoris
335 691 445 733 caussa
478 673 628 750 quendam
664 679 750 733 extra
785 673 919 733 ordinem
953 675 1084 734 seviratu
1115 692 1175 732 non
1206 677 1292 749 gesto

170 776 366 854 Augustulem
403 758 537 835 creatum
567 793 640 834 esse.
691 775 828 852 Amplius
855 776 1057 836 reminiscaris
1090 775 1293 850 inscriptionis

170 878 343 941 Orellianae
374 881 470 954 3938,
500 879 614 953 inqua
642 896 718 953 puer
741 877 889 951 ,tredecim
918 895 1064 937 annorum
1092 877 1181 936 etiam
1212 878 1292 936 sevir

171 980 289 1040 dieitur.
333 979 429 1055 Quem
451 981 502 1039 vix
525 979 616 1039 credo
638 980 729 1039 sevini
759 998 868 1039 munus
895 985 954 1038 tam
976 986 1082 1039 tenera
1104 983 1203 1039 aetate
1225 996 1292 1055 ges·

172 1083 247 1142 sisse
269 1081 322 1143 sed
344 1083 438 1158 patris
459 1099 566 1141 caussa
587 1083 617 1140 in
639 1081 774 1142 ordinem
789 1083 920 1141 sevirum
940 1084 1093 1157 receptum
1108 1099 1182 1140 esse.
1214 1082 1292 1140 Nam

172 1203 231 1261 quo
254 1186 373 1244 nomine
396 1184 584 1260 appelletur,
613 1188 715 1243 utrum
746 1186 828 1244 sectr
860 1202 898 1243 an
922 1184 1118 1261 Augustalis,
1146 1183 1185 1242 ad
1214 1184 1292 1244 banc

172 1288 375 1363 quaestionem
387 1288 481 1364 'parvi
503 1287 635 1346 interest

166 1429 169 1440 ι
255 1389 396 1449 Similiter
418 1407 454 1467 ac
476 1388 514 1448 de
528 1389 690 1464 Augustali
703 1387 901 1464 Lugdunensi
920 1406 1026 1448 vereor
1047 1407 1085 1450 uc
1100 1389 1292 1449 iudicandum

172 1492 211 1551 sit
237 1491 329 1551 etiam
360 1490 397 1550 de
419 1492 607 1568 Aquileiensi
637 1492 668 1551 in
699 1509 728 1550 n.
751 1494 785 1565 2,
822 1509 926 1566 quem,
962 1492 1019 1550 nisi
1048 1493 1131 1568 prius
1157 1496 1292 1552 mortuus

171 1597 259 1678 amet,
279 1598 351 1669 puto
374 1594 500 1670 posthac
521 1595 683 1653 seviratum
705 1593 871 1653 subiturum
895 1593 996 1653 luisse.
1042 1595 1205 1654 Henaeuus
1227 1596 1292 1672 qni·

173 1695 238 1755 dem
261 1697 343 1756 bunc
365 1696 484 1756 titulum
506 1698 634 1755 maxime
656 1694 796 1755 idoneum
819 1695 912 1772 duxit,
933 1715 994 1772 quo
1017 1697 1176 1772 colligatur
1197 1699 1227 1756 in
1251 1698 1293 1756 cis

172 1798 306 1876 oppidis,
335 1799 386 1858 nbi
407 1801 602 1859 inveniuntur
631 1802 661 1859 et
681 1799 774 1857 acciri
800 1803 831 1858 et
851 1801 1054 1873 Aequosque,
1086 1800 1142 1859 hos
1173 1800 1293 1859 exiliis

172 1918 232 1960 non
254 1919 319 1960 esse
342 1899 457 1973 ortos¹)
501 1901 559 1962 Sed
582 1920 648 1961 cnm
664 1901 820 1977 Aquileiae
843 1900 942 1961 adbuc
956 1901 1065 1962 detecti
1087 1903 1147 1962 sint
1160 1904 1292 1963 sevirum

171 2002 249 2062 tituli
272 2004 392 2064 circiter
412 2006 579 2082 sexaginta
601 2005 815 2079 Augustalium
838 2022 915 2063 unus
938 2005 986 2063 vel
1007 2009 1068 2064 tres
1077 2001 1102 2077 ²)
1125 2023 1197 2066 sane
1218 2006 1292 2064 nibil

173 2109 301 2179 possunt
321 2106 361 2165 ad
383 2108 518 2182 regulam
540 2107 666 2174 anobis
688 2108 840 2164 inventam
868 2104 1115 2166 labefactandam.
1159 2108 1244 2181 Quae
1265 2109 1291 2168 si
1339 2123 1343 2127 ’

172 2206 235 2266 illie
256 2227 316 2267 non
338 2209 492 2286 valuisset,
525 2210 598 2268 satis
620 2207 716 2267 multa
744 2225 868 2267 necesse
899 2213 965 2267 erat
997 2208 1126 2268 inveniri
1156 2211 1293 2285 exempla

172 2307 383 2384 Augustalium
417 2313 550 2371 sevirruu
594 2329 655 2370 non
684 2309 865 2369 functorum.
922 2311 1012 2370 Nunc
1038 2328 1109 2371 vero
1137 2310 1169 2369 id
1197 2329 1292 2387 genus

175 2430 235 2471 non
258 2417 379 2487 praesto
407 2418 453 2472 est
482 2413 540 2472 nisi
562 2413 620 2472 boe
641 2430 742 2471 unum.
786 2412 924 2472 Ceterum
954 2414 1011 2471 iam
1040 2431 1102 2473 non
1132 2414 1292 2489 miraberis,

173 2514 253 2591 quod
276 2516 306 2574 d.
328 2517 357 2574 d.
380 2516 491 2575 nomini
512 2515 694 2588 nepotulis
720 2514 750 2572 in
784 2515 840 2573 boc
861 2515 946 2573 titulo
970 2532 1112 2592 expresse
1142 2514 1291 2575 adiectum

173 2622 228 2677 est
270 2618 391 2678 Scilicet
410 2636 512 2678 rarum
536 2621 602 2677 erat
622 2619 714 2693 atque
737 2616 890 2677 insolitum
916 2617 971 2676 tali
1000 2617 1087 2677 modo
1108 2618 1239 2694 aliquem
1260 2618 1291 2677 in

172 2719 382 2795 Augustalium
413 2719 548 2779 ordinem
578 2720 672 2795 recipi
702 2722 732 2778 et
761 2719 908 2794 singulari
946 2718 1142 2778 decurionum
1172 2718 1292 2780 decreto

173 2839 248 2897 opus
270 2826 335 2881 erat
356 2821 395 2881 ad
416 2822 448 2881 id
470 2818 728 2890 conficiendum.3)
771 2821 879 2897 Neque
906 2820 993 2880 aliter
1022 2822 1157 2897 exempla
1184 2822 1244 2881 snb
1263 2841 1292 2881 n.

174 2925 203 2982 3.
223 2927 253 2983 4.
276 2926 304 2983 ὁ.
325 2918 480 3001 propositi
500 2943 533 2984 se
556 2924 666 2985 babere
689 2923 833 2983 existimo.
876 2922 977 2999 Atque
999 2923 1181 3000 monuerim,
1210 2926 1240 2983 in
1264 2927 1308 2983 2.·

173 3028 203 3083 et
225 3028 253 3084 3.
275 3032 377 3103 patres
398 3027 553 3087 libertinos
575 3027 721 3102 appellari
742 3026 891 3096 scontros,
914 3023 1000 3102 filios,
1022 3027 1073 3102 qui
1096 3031 1128 3085 et
1147 3026 1204 3102 ipsi
1219 3031 1290 3086 sunt
1304 3023 1421 3103 Securum
1432 3024 1479 3071 filii

173 3125 311 3205 libertini,
333 3129 478 3205 appellari
494 3129 685 3202 Aapmtales.
732 3127 818 3188 Unde
841 3146 912 3186 num
934 3128 1022 3186 nimis
1043 3128 1187 3187 audacter
1208 3130 1287 3189 coni·
1307 3101 1479 3209 ‘ffssgss'ffffit

119 3296 126 3304 ,
173 3229 219 3288 cio
240 3231 392 3290 nonnullis
414 3231 445 3290 in
468 3230 541 3290 locis
564 3248 616 3290 eos
637 3230 782 3306 imprimis
804 3229 957 3288 sexvirum
978 3229 1062 3305 filios,
1085 3230 1202 3308 quibus,
1224 3249 1289 3290 cum
1317 3229 1390 3291 pueri
1408 3229 1474 3276 inter

172 3336 272 3392 essent
293 3333 431 3408 libertini,
453 3333 552 3392 aditus
573 3332 611 3392 ad
635 3332 858 3392 decurionatum
882 3335 947 3391 erat
969 3336 1105 3409 negatus,
1125 3333 1184 3392 iam
1207 3338 1288 3392 ante·
1312 3296 1477 3426 ssgffiff

171 3451 261 3509 quam
284 3436 444 3494 seviratum
467 3435 619 3510 suscipere
641 3452 696 3511 per
718 3434 814 3509 legem
837 3438 969 3511 possent,
991 3439 1024 3494 ut
1039 3435 1223 3508 Aneuniates
1245 3453 1292 3494 or·

173 3535 234 3597 dini
257 3537 426 3614 adscriptos
448 3538 537 3597 esse?
573 3537 753 3596 Praesertim
785 3555 853 3595 cunr
871 3535 996 3595 vdomum
1019 3538 1149 3596 sevirum
1172 3537 1291 3596 omnino

171 3639 211 3698 ad
233 3639 367 3699 ordinem
389 3638 609 3715 quodammodo
631 3639 810 3714 pertinuisse
833 3637 953 3697 aliunde
975 3641 1106 3714 constet,
1135 3636 1202 3697 dico
1224 3639 1291 3698 titu-

174 3740 234 3819 los,
262 3741 424 3818 inquibus
454 3742 615 3801 traduntur
638 3740 799 3800 divisiones
826 3739 923 3801 factae
945 3757 1000 3800 seu
1022 3740 1176 3816 sportulae
1202 3739 1291 3800 datae

176 3846 210 3903 nt
247 3841 458 3904 decurionibus
486 3842 705 3920 Augustalibus
739 3844 781 3901 ita
817 3842 960 3902 uxoribus
996 3861 1117 3919 quoque
1144 3842 1194 3900 vel
1223 3842 1292 3902 filiis

174 3947 386 4022 Augustalium
408 3943 449 4018 lv.
470 3963 495 4004 n
517 3946 539 4003 1.
561 3945 599 4005 u.
623 3947 693 4004 221.
716 3946 800 4006 srsc
822 3944 937 4004 cn-u.
961 3946 1042 4004 7335
1056 3926 1165 4004 'wnn
1189 3941 1293 4014 ncnc).

176 4047 298 4108 Sextum
329 4048 496 4124 exemplum
527 4047 644 4106 duabus
680 4047 847 4106 rationibus
878 4047 947 4105 mihi
980 4046 1099 4105 videtur
1136 4046 1291 4122 explanari

257 4298 265 4328 i

169 4341 174 4349 ι
254 4296 278 4444 ⁹3
295 4298 422 4447 {lifigen
439 4384 469 4432 ct
487 4382 554 4432 8301
574 4378 700 4446 corrupti
718 4383 791 4432 suut
821 4378 950 4432 Ceterum
968 4391 1017 4431 eos
1035 4373 1108 4429 infra
1123 4381 1244 4443 tangam.

255 4467 285 4531 ³)
304 4469 400 4517 contra
417 4463 615 4517 Mommsenum
633 4462 719 4531 praef.
736 4463 772 4516 ad
790 4463 834 4515 tit
851 4457 948 4529 Aquil.
