3180 5370
1167 442 1171 449 “
1203 430 1265 491 115

144 600 304 660 manifesto
333 602 545 661 decurionibus
576 602 806 679 posthabentur3
843 603 874 661 in
903 602 1106 679 compluribus
1135 591 1266 678 denique

142 722 210 762 cum
233 706 330 780 primo
352 704 457 764 ordine
487 703 529 764 ita
559 705 756 763 conferuntur
788 710 880 780 atque
914 706 1137 780 consociantur,
1168 709 1200 763 ut
1228 722 1264 763 eo
1359 754 1361 759 .

141 824 204 886 uon
227 807 269 866 ita
292 808 384 897 multo
406 806 565 867 inferiores
587 825 652 866 esse
675 805 870 879 videantur.¹)

230 911 295 968 Nec
317 928 390 969 vcro
413 911 514 986 specie
545 914 670 969 externa
703 911 776 987 quin
806 928 880 986 opes
909 910 1023 970 ordinis
1052 910 1264 987 Augustalium

142 1026 208 1070 sese
229 1011 400 1092 indicarent
422 1007 657 1089 exhiberentque
686 1012 752 1071 fieri
784 1012 890 1088 potuit
933 1013 979 1073 lta
1009 1017 1089 1072 certe
1112 1016 1142 1071 iu
1165 1013 1266 1072 multis

142 1113 262 1191 oppidis
285 1114 328 1174 eis
352 1120 438 1174 erant
460 1115 589 1192 scholae,
611 1115 641 1175 in
665 1116 774 1192 quibus
793 1117 1001 1192 convenirent,
1023 1121 1114 1191 atque
1129 1115 1265 1192 tricliuiu,

142 1217 173 1275 in
189 1217 299 1293 quibus
315 1217 517 1294 epularentur,
533 1237 599 1276 cum
615 1217 815 1277 instrumento
831 1222 861 1276 et
876 1219 1039 1284 ministerio
1056 1219 1219 1277 lautissimo
1228 1215 1265 1293 2);

143 1324 209 1379 orat
230 1319 309 1379 colla
332 1321 448 1379 vinaria
464 1321 557 1396 copiis
571 1321 684 1396 repleta
693 1317 726 1397 ³),
748 1324 836 1379 crant
851 1321 983 1398 praedia,
1006 1338 1132 1397 quorum
1149 1320 1266 1380 fructus

141 1421 178 1480 ab
202 1421 308 1482 ordine
336 1424 592 1482 consumebantur
614 1424 643 1480 in
667 1423 769 1498 eisquc
792 1422 847 1481 sibi
871 1427 902 1509 ct
923 1425 986 1482 suis
1009 1427 1201 1483 monumenta
1223 1422 1264 1481 fa-

141 1542 210 1583 cere
244 1523 359 1584 ordinis
392 1525 481 1584 sociis
515 1523 596 1583 lraud
626 1543 695 1584 raro
725 1527 960 1602 permittebatur.
1004 1526 1122 1604 Legata
1148 1527 1265 1601 alioqum

141 1625 279 1686 benificia
308 1632 343 1687 ut
364 1629 408 1686 eis
436 1645 526 1704 saepe
557 1627 783 1704 contingebant,
819 1630 862 1687 ita
894 1630 951 1705 ipsi
973 1629 1047 1687 viris
1078 1630 1126 1688 vel
1149 1629 1187 1688 de
1209 1646 1265 1688 suo

141 1729 248 1788 ordine
270 1732 319 1789 vel
343 1729 380 1789 dc
403 1731 501 1806 patria
522 1731 553 1788 ln
576 1731 748 1790 universum
772 1732 848 1790 bene
871 1732 983 1790 meritis
1006 1733 1132 1807 gratiam
1155 1731 1265 1791 referc-

140 1834 223 1909 bant,
246 1832 333 1892 modo
357 1833 412 1892 soli
435 1833 523 1892 modo
552 1851 618 1891 cum
649 1834 756 1892 ceteris
779 1833 951 1909 ordinibus,
982 1835 1090 1896 statuis
1120 1832 1267 1894 dedicatis

142 1940 196 1995 aut
218 1953 256 1995 ex
279 1953 350 1996 aere
373 1936 494 1995 conlato
522 1941 574 1995 aut
594 1953 632 1994 ex
656 1937 737 1994 cenis
759 1937 899 1995 remissis
910 1935 934 2007 ⁴)
979 1937 1013 1995 lu
1044 1936 1266 2013 magistratibus

141 2038 282 2098 creandis
304 2057 406 2097 eorum
438 2038 583 2114 suffragia
603 2037 744 2097 videntur
774 2038 867 2098 fuisse
899 2040 999 2117 magui
1024 2039 1163 2098 momenti
1184 2039 1265 2098 ideo·

141 2158 201 2218 que
233 2140 447 2200 studiosissime
475 2130 592 2200 ambita.
601 2137 625 2211 5)
670 2141 751 2200 Usus
788 2159 886 2216 aquae
922 2142 1060 2218 publicae
1096 2142 1197 2201 neseio
1226 2159 1265 2200 an

141 2243 359 2319 Augustalibus
382 2244 410 2301 in
428 2242 604 2319 quibusdam
629 2243 797 2320 municipiis
820 2244 974 2303 liberalius
996 2243 1088 2304 fuerit
1102 2245 1266 2321 permissus

141 2362 230 2422 quam
254 2346 436 2404 multitudini
464 2344 596 2422 plebiali
641 2345 768 2405 Mortuis
789 2350 890 2405 autem
906 2351 1027 2423 praeter
1043 2351 1160 2407 ceteros
1181 2345 1265 2405 fune⁴

141 2449 183 2507 ris
205 2448 337 2513 honores
360 2448 447 2507 etiam
471 2448 556 2507 locus
578 2449 752 2525 sepulturae
781 2448 908 2525 insignis
937 2466 1028 2525 saepe
1050 2450 1170 2509 videtur
1191 2450 1265 2526 pub-

142 2552 199 2610 lice
222 2549 363 2609 decretus
386 2568 459 2610 esse.
503 2551 592 2611 Oerte
615 2551 765 2626 Pompeiis
786 2551 988 2628 sepulcretum
1010 2552 1049 2610 ad
1071 2553 1166 2628 ipsam
1182 2552 1266 2611 urbis

142 2655 260 2729 portam
277 2653 365 2712 situm
375 2654 413 2711 ll.
426 2652 560 2712 Cerrinio
572 2654 732 2728 Augustali
749 2670 924 2713 concessum
940 2654 1265 2730 esseapudNIssenum

142 2772 317 2832 cognoscas.
327 2752 351 2827 l)
396 2755 476 2828 Quin
506 2755 594 2814 etiam
624 2759 741 2815 statuae
773 2757 821 2816 rel
855 2756 953 2831 clupei
981 2774 1040 2815 non
1072 2757 1168 2816 solum
1190 2757 1266 2816 sevi-

143 2875 246 2918 rorum
269 2855 427 2927 decreto⁸i
464 2856 517 2917 sed
556 2859 645 2916 etiam
678 2857 796 2932 publice
829 2858 1022 2917 decurionum
1053 2857 1175 2918 decretu
1204 2862 1264 2917 tam

143 2956 257 3030 vivis⁹l
280 2977 368 3036 quam
393 2961 516 3019 mortuis
527 2956 563 3031 ¹⁰)
586 2961 685 3035 posita
705 2964 784 3019 sunt.
1240 3030 1242 3034 ,

229 3062 314 3135 Quae
336 3080 403 3122 cum
425 3064 467 3122 ita
490 3063 566 3138 siut,
595 3061 730 3138 quaestio
754 3068 853 3138 potest
874 3063 1002 3139 moveri,
1029 3080 1084 3121 cur
1104 3063 1152 3121 isti
1177 3061 1262 3121 liber·
1281 3061 1451 3141 Seviri'Aug.

142 3166 196 3224 tini
220 3166 419 3241 potentissimi
449 3171 480 3225 et
508 3165 729 3224 honoratissimi
759 3165 927 3240 posteriore
957 3165 1133 3242 praesertim
1166 3168 1264 3224 aetate
1282 3146 1454 3263 Ξξζιξζξῃζζῐ

142 3268 231 3327 etiam
268 3268 503 3328 decurionalium
540 3267 688 3327 honorum
725 3266 886 3327 claustrum
924 3268 953 3324 vi
990 3268 1176 3344 perfringere
1212 3269 1263 3327 vel
1307 3268 1426 3332 separati.

230 3467 251 3530 ¹)
267 3464 312 3518 Or.
334 3467 411 3518 1167:
430 3464 502 3520 ordo
522 3465 703 3521 decurionum
722 3471 748 3519 ct
766 3463 968 3534 Augustalium
1004 3464 1025 3517 l.
1040 3465 1071 3518 N.
1091 3468 1174 3518 5598:
1194 3464 1266 3518 ordo

142 3549 323 3605 decurionum
349 3557 376 3605 et
398 3551 552 3606 scuvirum.
588 3551 682 3605 wilm.
698 3555 763 3605 752:
787 3548 1024 3621 ..praesentibus
1048 3549 1220 3604 decumoaib.
1240 3555 1267 3606 ct

141 3635 223 3691 serim
251 3634 459 3691 discumberrtib.
492 3638 520 3690 ia
544 3637 657 3708 publico
690 3637 817 3707 aequis
848 3634 1027 3707 portionibus
1051 3636 1133 3706 [ieret
1159 3635 1266 3690 divisio.

141 3719 233 3774 0r.·H.
252 3725 332 3775 7101:
357 3721 451 3776 (Iecur.
471 3729 498 3777 et
520 3721 562 3778 VI
577 3723 625 3776 m‘r.
645 3729 672 3777 ct
699 3724 770 3793 Aug.
790 3722 871 3791 [dem]
887 3719 967 3779 IIII.
986 3720 1005 3774 l.
1020 3721 1052 3775 N.
1072 3724 1152 3774 5166ε
1171 3720 1266 3776 decur.

141 3808 259 3877 August.
277 3807 348 3879 simp.
367 3807 418 3862 HS
440 3807 523 3863 VIII.

118 3937 122 3942 ,
226 3895 250 3958 ²)
267 3889 303 3947 cf.
320 3893 428 3961 Zumpt.
446 3908 473 3961 p.
492 3897 524 3946 43
537 3908 573 3946 ss.
825 3895 848 3956 ⁸)
865 3893 901 3946 cl.
919 3891 941 3944 Ι.
960 3893 992 3946 N.
1011 3897 1051 3946 19.
1070 3891 1104 3958 V,
1116 3895 1175 3945 985.

226 3981 250 4045 ⁴)
267 3979 301 4031 ct.
320 3976 355 4046 ll,
377 3983 449 4032 1616.

227 4066 251 4131 ⁶)
268 4064 303 4116 cf.
321 4063 370 4130 IV,
392 4067 468 4116 1731:
494 4064 621 4117 Roscium
645 4064 744 4119 Verum
769 4064 941 4118 duumuirum
962 4064 977 4116 i.
997 4064 1023 4116 d.
1042 4078 1177 4132 rogamus
1195 4063 1266 4133 Aug.

226 4151 249 4215 θ)
267 4148 303 4204 cf.
321 4149 343 4203 1.
362 4148 393 4202 n'.
413 4154 487 4203 coro.
512 4147 547 4215 11,
568 4154 640 4202 rena.

227 4236 251 4299 τ)
269 4248 363 4303 pomp.
382 4234 457 4288 stud.
476 4250 503 4303 p.
522 4238 572 4287 396
589 4231 624 4288 cf.
643 4233 743 4289 Ouerb.
762 4235 779 4288 l.
798 4234 814 4287 1.
833 4234 860 4287 ll
878 4247 905 4301 p.
923 4237 956 4286 40
967 4249 988 4287 s.

225 4322 250 4387 ⁸)
258 4319 303 4374 ‘ct
320 4319 402 4374 Hera.
421 4324 461 4374 46.
481 4323 521 4373 tl.
671 4322 694 4386 ⁰)
712 4319 748 4383 ll,
769 4323 841 4375 1666.
861 4322 935 4372 2626.
954 4317 975 4372 l.
988 4319 1021 4373 ll.
1035 4322 1109 4372 2436.
1127 4316 1172 4372 Or.
1194 4322 1266 4373 1167.

228 4407 260 4473 ¹⁰)
277 4405 314 4473 11,
334 4409 408 4459 2116.
427 4404 449 4459 1.
461 4405 493 4459 n.
511 4407 587 4459 osse.

1026 4507 1063 4561 8*
