3180 5370
1209 385 1268 449 lta

146 553 279 614 Siciliam
300 555 370 616 huic
392 573 517 616 numero
539 555 605 635 iure
626 555 730 616 addas
773 557 848 619 Nam
871 556 975 617 titulos
987 558 1125 618 -Torrem
1147 561 1175 633 2,
1197 562 1216 617 4
1240 563 1271 618 et

149 663 198 735 1-1,
221 662 261 718 24
284 677 322 718 ex
344 657 443 719 (ludio
465 678 494 734 p.
508 660 536 718 X
565 678 593 718 n.
618 665 634 718 1
658 663 689 718 et
710 677 739 733 p.
761 659 831 718 XVI
853 679 882 719 n.
907 667 921 719 1
955 661 1111 737 repetitus,
1141 679 1269 736 quorum

145 777 224 819 unus
246 760 368 820 exhibet
384 760 425 819 VI
438 762 533 819 virum
549 761 747 833 repostorem
770 762 959 838 eundemque
982 762 1110 836 leuatum
1131 763 1268 835 leatania,

143 865 366 936 proconsulare,
389 868 590 937 quaesierunt,
615 880 688 922 eom.
713 865 901 936 Polaticum,
924 864 1000 925 alter
1022 866 1199 938 mupistrum
1228 864 1275 923 VI

144 966 240 1024 virum
262 967 459 1039 depostulans
486 972 653 1039 petrocum
684 965 935 1040 Messcueueium,
966 996 1008 1007 ——
1038 968 1093 1026 bos
1121 967 1270 1043 genuinos

146 1083 213 1126 esse
236 1069 305 1144 quis
327 1069 401 1127 velit
423 1065 618 1140 obtinerei1)
662 1069 832 1145 Supersunt
854 1069 963 1146 igitur,
986 1070 1070 1129 utin
1093 1071 1203 1147 quibus
1224 1087 1269 1129 se·

144 1171 202 1231 viri
224 1151 409 1252 Augustales
431 1171 554 1247 ingenui
577 1170 797 1247 frequentiores
820 1170 1028 1250 invenientur,
1050 1154 1188 1249 regiones
1210 1172 1270 1232 Ita-

143 1271 222 1332 licae
243 1274 280 1351 X,
300 1274 350 1350 Xl,
373 1274 424 1352 lX,
438 1273 574 1352 Aemilia,
596 1274 728 1351 Umbria,
750 1275 882 1352 Etruria,
903 1276 1057 1353 Picenum,
1079 1275 1191 1353 Sabini,
1212 1276 1269 1335 La-

143 1375 227 1436 tium
270 1375 329 1436 Sed
350 1377 400 1436 hic
422 1394 543 1453 quoque
566 1376 727 1436 discrimen
759 1380 804 1436 est
834 1375 1015 1438 faciendum.
1058 1379 1135 1439 Nam
1164 1379 1194 1439 in
1224 1397 1270 1439 re·

143 1478 234 1553 gione
257 1477 373 1538 decima
394 1479 473 1538 inter
496 1479 640 1538 ducentos
663 1478 727 1538 fere
751 1483 781 1538 et
796 1480 952 1556 octoginta
967 1481 1100 1540 sevirum
1118 1480 1268 1556 Angusta·

143 1579 215 1639 lium
249 1581 351 1641 titulos
384 1600 444 1640 non
477 1584 548 1642 sunt
579 1583 779 1657 ingenuorum
812 1582 868 1642 nisi
903 1583 1022 1642 circiter
1056 1583 1188 1659 triginta.
1232 1583 1272 1641 Et

143 1681 249 1741 borum
273 1683 410 1761 plerique
432 1684 584 1759 pertinent
606 1684 644 1742 ad
664 1685 811 1745 Veronam
827 1687 858 1742 et
872 1684 1011 1760 Brixiam,
1035 1685 1144 1761 quibus
1164 1685 1271 1780 addas,

143 1784 169 1843 si
198 1784 283 1844 lubet
305 1787 474 1862 Mantuam,
510 1786 673 1863 Tergeste,
710 1785 917 1846 Concordiam.
975 1787 1083 1863 Neque
1113 1789 1211 1849 minus
1239 1789 1272 1848 in

142 1885 273 1947 ramniu
303 1889 427 1950 umere
456 1890 578 1950 Etruria
611 1875 734 1949 Piceno
755 1888 871 1949 abac
900 1889 986 1949 narro
1017 1890 1108 1949 seviri
1140 1891 1271 1953 ruerunt
1368 1898 1371 1904 ·

143 1987 286 2050 videntur
309 1992 495 2067 praevalere.
540 1991 653 2052 Contra
679 1992 811 2050 omnium
842 1990 1086 2068 frequentissime
1113 1994 1145 2052 in
1175 1995 1270 2069 regio-

143 2090 234 2152 nibus
256 2093 415 2153 undecima
447 2097 477 2154 et
507 2111 587 2153 nona
616 2111 653 2152 ex
675 2093 875 2168 ingenuorum
907 2094 1012 2162 ordine
1036 2096 1152 2155 seviros
1174 2096 1271 2176 lectos

143 2209 208 2253 esse
232 2201 374 2271 apparet,
404 2195 480 2255 adeo
503 2200 537 2254 ut
560 2194 721 2254 Mediolani
751 2196 841 2255 sevini
863 2197 986 2272 ingenui
1009 2201 1039 2257 et
1061 2198 1192 2258 libertini
1215 2217 1270 2258 nu.

144 2314 227 2356 merc
251 2297 312 2356 sint
333 2298 421 2357 etiam
445 2297 509 2358 fere
536 2315 636 2374 pares.
681 2297 869 2375 Quamquam
898 2300 928 2358 in
960 2301 1133 2361 universum
1163 2302 1194 2361 in
1224 2301 1271 2361 his

143 2417 265 2477 quoque
288 2400 461 2485 regionibus
488 2401 636 2476 ingenuos
657 2401 756 2461 rarius
787 2401 914 2461 inveniri
939 2406 1065 2463 constat.
1109 2405 1272 2464 Praeterea
1342 2458 1344 2462 ,

142 2501 364 2562 animadvertas
385 2503 442 2562 hos
464 2504 612 2579 ingenuos
635 2506 736 2564 tamen
759 2523 777 2563 a
799 2504 935 2579 patribus
966 2506 1013 2564 vel
1036 2506 1103 2567 avis
1125 2506 1271 2570 libertinis

142 2605 304 2681 plerosque
325 2605 419 2664 videri
442 2605 601 2683 oriundos,
633 2608 664 2664 et
696 2610 777 2665 certe
807 2624 910 2666 omnes
933 2625 1015 2685 esse,
1045 2613 1078 2668 ut
1100 2609 1142 2669 ita
1165 2608 1271 2688 dicam,

143 2706 279 2767 homines
302 2724 397 2767 novos
428 2708 624 2768 anobilitate
647 2706 841 2785 familiarum,
874 2727 952 2784 quae
984 2710 1014 2768 in
1044 2710 1269 2786 municipiorum

144 2810 237 2869 rebus
258 2809 399 2884 gerendis
421 2809 587 2885 antiquitus
610 2816 746 2870 versatae
769 2811 838 2886 sint,
860 2828 986 2886 prorsus
1010 2811 1134 2873 alienes.
1178 2813 1271 2875 Vides

144 2911 237 2988 igitur
268 2910 402 2972 ordinem
435 2911 644 2978 libertinorum
677 2912 709 2971 in
742 2913 916 2972 universum
943 2914 1060 2974 serires
1089 2914 1270 2992 Augustales

145 3014 251 3074 merito
275 3012 344 3073 dici.

109 3133 116 3140 ·
232 3115 279 3175 Ac
301 3134 339 3176 ne
362 3117 443 3176 vitae
464 3118 584 3194 quidem
607 3135 719 3193 genere
741 3116 840 3176 locum
855 3118 1040 3193 superiorem
1057 3120 1193 3198 plerique
1216 3121 1265 3181 ob

144 3216 334 3290 tinnerunt2)
377 3220 516 3297 Namque
539 3223 721 3291 mercatores
742 3223 833 3293 atque
856 3218 978 3293 opifices
993 3223 1135 3297 permulti
1156 3225 1266 3285 sevira-

143 3325 206 3379 tum
230 3320 332 3397 adepti
353 3325 432 3380 sunt.
477 3320 567 3382 Verbi
598 3338 705 3380 caussa
734 3319 824 3379 etiam
855 3339 959 3382 cocum
989 3323 1068 3383 inter
1089 3326 1204 3386 seviros
1225 3326 1269 3386 in-

144 3424 289 3484 venimus.
333 3422 413 3496 Quin
437 3424 525 3483 etiam
547 3422 748 3499 praeconibus
771 3427 801 3482 et
824 3423 1029 3503 histrionibus,
1052 3426 1134 3502 quod
1157 3431 1268 3489 utrum-

146 3544 206 3603 que
228 3544 325 3602 genus
348 3545 366 3585 a
390 3527 562 3587 muneribus
583 3525 712 3601 publicis
734 3543 789 3602 per
811 3526 907 3602 legem
930 3528 1098 3605 arcebatur,
1122 3531 1268 3606 Augusta-

145 3630 257 3689 litatem
280 3631 441 3706 contigisse
465 3647 556 3706 supra
578 3629 667 3689 docui
690 3629 896 3706 exemplisque
916 3629 1096 3691 confirmavi.
1141 3632 1268 3694 Omnino

144 3731 236 3807 igitur
258 3732 301 3808 ei,
334 3733 443 3807 quibus
477 3734 513 3792 ab
543 3732 625 3791 initio
659 3732 707 3790 hic
738 3733 834 3791 honos
856 3732 976 3791 videtur
1006 3733 1172 3794 destinatus
1195 3754 1269 3813 esse,

147 3835 289 3911 quamvis¹
306 3833 417 3893 divitiis
439 3834 671 3912 praepollerent,
692 3838 792 3894 tamen
814 3853 852 3894 ex
868 3835 1009 3910 opinione
1030 3841 1134 3897 vetere
1157 3842 1188 3897 et
1209 3841 1268 3897 tra·

146 3937 246 3996 leticia
268 3954 323 4013 per
345 3955 377 3996 se
400 3938 456 4012 ipsi
479 3955 585 4014 parum
608 3937 781 3996 habuerunt
803 3937 999 3996 auctoritatis.
1044 3937 1211 4011 Quaecum
1227 3942 1270 4000 ita

234 4101 256 4164 ¹)
273 4099 335 4152 Etsi
362 4099 487 4152 concedo
513 4098 632 4166 priorem
665 4100 776 4168 spuriae
803 4097 980 4152 auctoritatis
1007 4101 1111 4154 certius
1137 4102 1268 4156 convinci

145 4198 229 4252 quam
244 4183 370 4238 alterum

231 4271 255 4335 ²)
271 4269 445 4323 Tamenvero
461 4268 563 4323 milites
582 4283 692 4337 quoque
709 4269 782 4322 inter
794 4268 901 4324 seviros
913 4269 1038 4337 reperiri,
1056 4271 1182 4325 nimirum
1193 4272 1269 4328 inter

145 4353 294 4422 ingenuos,
313 4361 409 4410 contra
426 4353 585 4409 Hennenum
604 4371 631 4422 p.
644 4358 692 4408 316
711 4369 796 4422 supra
812 4354 995 4410 animadverti
1012 4372 1040 4426 p.
1056 4361 1112 4410 1⁰5.

1048 4466 1063 4513 8

1306 3122 1346 3168 De
1365 3120 1433 3169 vitae

1319 3204 1420 3251 genere.
