<?xml version="1.0" encoding="UTF-8"?>
<!DOCTYPE html PUBLIC "-//W3C//DTD XHTML 1.0 Transitional//EN"
    "http://www.w3.org/TR/xhtml1/DTD/xhtml1-transitional.dtd">
<html xmlns="http://www.w3.org/1999/xhtml" xml:lang="en" lang="en">
 <head>
  <title>
</title>
<meta http-equiv="Content-Type" content="text/html;charset=utf-8" />
  <meta name='ocr-system' content='tesseract 3.04.00' />
  <meta name='ocr-capabilities' content='ocr_page ocr_carea ocr_par ocr_line ocrx_word'/>
</head>
<body>
  <div class='ocr_page' id='page_1' title='image "./desevirisaugust00schmgoog_0079.png"; bbox 0 0 3142 5138; ppageno 0'>
   <div class='ocr_carea' id='block_1_1' title="bbox 1188 513 1257 574">
    <p class='ocr_par' dir='ltr' id='par_1_1' title="bbox 1188 513 1257 574">
     <span class='ocr_line' id='line_1_1' title="bbox 1188 513 1257 574; baseline 0.029 -2"><span class='ocrx_word' id='word_1_1' title='bbox 1188 513 1257 574; x_wconf 73' lang='lat'><strong>&#39;53</strong></span> 
     </span>
    </p>
   </div>
   <div class='ocr_carea' id='block_1_2' title="bbox 20 688 1257 970">
    <p class='ocr_par' dir='ltr' id='par_1_2' title="bbox 20 688 1257 970">
     <span class='ocr_line' id='line_1_2' title="bbox 178 688 1135 789; baseline -0.006 -37"><span class='ocrx_word' id='word_1_2' title='bbox 178 692 318 789; x_wconf 76' lang='lat' dir='ltr'><strong>Taurinis</strong></span> <span class='ocrx_word' id='word_1_3' title='bbox 341 694 376 769; x_wconf 99' lang='lat' dir='ltr'><strong>V,</strong></span> <span class='ocrx_word' id='word_1_4' title='bbox 399 695 494 752; x_wconf 74' lang='lat'>7026:</span> <span class='ocrx_word' id='word_1_5' title='bbox 515 690 550 750; x_wconf 83' lang='grc' dir='ltr'><strong>Α.</strong></span> <span class='ocrx_word' id='word_1_6' title='bbox 572 689 691 750; x_wconf 73' lang='lat' dir='ltr'><strong>Curtius</strong></span> <span class='ocrx_word' id='word_1_7' title='bbox 714 688 749 747; x_wconf 76' lang='lat' dir='ltr'><strong>A.</strong></span> <span class='ocrx_word' id='word_1_8' title='bbox 771 688 791 748; x_wconf 84' lang='lat' dir='ltr'><strong>f.</strong></span> <span class='ocrx_word' id='word_1_9' title='bbox 813 689 930 747; x_wconf 79' lang='lat' dir='ltr'>Primus</span> <span class='ocrx_word' id='word_1_10' title='bbox 953 688 1053 747; x_wconf 74' lang='lat' dir='ltr'><strong>servir</strong></span> <span class='ocrx_word' id='word_1_11' title='bbox 1074 688 1135 747; x_wconf 86' lang='lat' dir='ltr'><strong>iun.</strong></span> 
     </span>
     <span class='ocr_line' id='line_1_3' title="bbox 167 787 1257 882; baseline -0.005 -27"><span class='ocrx_word' id='word_1_12' title='bbox 167 795 241 855; x_wconf 65' lang='lat' dir='ltr'><strong>vHos</strong></span> <span class='ocrx_word' id='word_1_13' title='bbox 270 798 416 871; x_wconf 86' lang='lat' dir='ltr'><strong>quattuor</strong></span> <span class='ocrx_word' id='word_1_14' title='bbox 442 794 545 852; x_wconf 90' lang='lat' dir='ltr'><strong>titulos</strong></span> <span class='ocrx_word' id='word_1_15' title='bbox 575 794 638 852; x_wconf 82' lang='lat' dir='ltr'><strong>iam·</strong></span> <span class='ocrx_word' id='word_1_16' title='bbox 661 793 861 852; x_wconf 87' lang='lat' dir='ltr'><strong>Mommsenus</strong></span> <span class='ocrx_word' id='word_1_17' title='bbox 891 791 1056 882; x_wconf 72' lang='lat' dir='ltr'><strong>composuit</strong></span> <span class='ocrx_word' id='word_1_18' title='bbox 1065 787 1097 862; x_wconf 83' lang='lat'><strong>¹).</strong></span> <span class='ocrx_word' id='word_1_19' title='bbox 1151 790 1257 850; x_wconf 79' lang='lat' dir='ltr'><strong>Adicio</strong></span> 
     </span>
     <span class='ocr_line' id='line_1_4' title="bbox 20 885 1257 970; baseline 0 -18"><span class='ocrx_word' id='word_1_20' title='bbox 20 941 22 952; x_wconf 92' lang='lat'><strong>.</strong></span> <span class='ocrx_word' id='word_1_21' title='bbox 135 892 351 958; x_wconf 80' lang='lat' dir='ltr'><strong>Nouariensem</strong></span> <span class='ocrx_word' id='word_1_22' title='bbox 382 898 421 970; x_wconf 91' lang='lat' dir='ltr'><strong>V,</strong></span> <span class='ocrx_word' id='word_1_23' title='bbox 453 898 548 956; x_wconf 81' lang='lat'>6518:</span> <span class='ocrx_word' id='word_1_24' title='bbox 578 939 607 954; x_wconf 90' lang='lat'><strong>..</strong></span> <span class='ocrx_word' id='word_1_25' title='bbox 637 896 669 954; x_wconf 88' lang='lat' dir='ltr'><strong>P.</strong></span> <span class='ocrx_word' id='word_1_26' title='bbox 700 894 825 954; x_wconf 79' lang='lat' dir='ltr'><strong>dteroni</strong></span> <span class='ocrx_word' id='word_1_27' title='bbox 854 896 886 952; x_wconf 92' lang='lat' dir='ltr'><strong>P.</strong></span> <span class='ocrx_word' id='word_1_28' title='bbox 917 894 966 953; x_wconf 89' lang='lat' dir='ltr'><strong>lib.</strong></span> <span class='ocrx_word' id='word_1_29' title='bbox 995 885 1114 953; x_wconf 76' lang='lat' dir='ltr'><strong>Chresti</strong></span> <span class='ocrx_word' id='word_1_30' title='bbox 1141 894 1182 952; x_wconf 96' lang='lat' dir='ltr'><strong>VI</strong></span> <span class='ocrx_word' id='word_1_31' title='bbox 1203 895 1257 952; x_wconf 89' lang='lat' dir='ltr'><strong>vir.</strong></span> 
     </span>
    </p>
   </div>
   <div class='ocr_carea' id='block_1_3' title="bbox 88 995 1277 2815">
    <p class='ocr_par' dir='ltr' id='par_1_3' title="bbox 88 995 1277 2815">
     <span class='ocr_line' id='line_1_5' title="bbox 288 995 1277 1085; baseline -0.005 -26"><span class='ocrx_word' id='word_1_32' title='bbox 288 1005 318 1059; x_wconf 89' lang='lat' dir='ltr'><strong>et</strong></span> <span class='ocrx_word' id='word_1_33' title='bbox 337 1000 414 1076; x_wconf 88' lang='lat' dir='ltr'><strong>Aug.</strong></span> <span class='ocrx_word' id='word_1_34' title='bbox 433 1017 456 1058; x_wconf 92' lang='lat' dir='ltr'><strong>s.</strong></span> <span class='ocrx_word' id='word_1_35' title='bbox 472 1017 496 1057; x_wconf 93' lang='lat' dir='ltr'><strong>c.</strong></span> <span class='ocrx_word' id='word_1_36' title='bbox 512 997 540 1056; x_wconf 93' lang='lat' dir='ltr'><strong>d.</strong></span> <span class='ocrx_word' id='word_1_37' title='bbox 555 997 584 1056; x_wconf 90' lang='lat' dir='ltr'><strong>d.</strong></span> <span class='ocrx_word' id='word_1_38' title='bbox 627 1041 634 1055; x_wconf 96' lang='lat'><strong>.</strong></span> <span class='ocrx_word' id='word_1_39' title='bbox 678 1041 685 1055; x_wconf 96' lang='lat'><strong>.</strong></span> <span class='ocrx_word' id='word_1_40' title='bbox 729 1040 736 1057; x_wconf 90' lang='lat'><strong>.</strong></span> <span class='ocrx_word' id='word_1_41' title='bbox 779 1041 787 1056; x_wconf 89' lang='lat'><strong>.</strong></span> <span class='ocrx_word' id='word_1_42' title='bbox 829 1015 929 1074; x_wconf 89' lang='lat' dir='ltr'><strong>porro,</strong></span> <span class='ocrx_word' id='word_1_43' title='bbox 951 996 1087 1071; x_wconf 83' lang='lat' dir='ltr'><strong>quamuis</strong></span> <span class='ocrx_word' id='word_1_44' title='bbox 1109 995 1277 1085; x_wconf 66' lang='lat' dir='ltr'><strong>dubitans„</strong></span> 
     </span>
     <span class='ocr_line' id='line_1_6' title="bbox 177 1096 1257 1176; baseline -0.003 -16"><span class='ocrx_word' id='word_1_45' title='bbox 177 1101 380 1160; x_wconf 82' lang='lat' dir='ltr'><strong>Veronensum</strong></span> <span class='ocrx_word' id='word_1_46' title='bbox 403 1100 439 1176; x_wconf 91' lang='lat' dir='ltr'><strong>V,</strong></span> <span class='ocrx_word' id='word_1_47' title='bbox 469 1103 567 1161; x_wconf 77' lang='lat'><strong>3438:</strong></span> <span class='ocrx_word' id='word_1_48' title='bbox 605 1100 657 1167; x_wconf 86' lang='lat'><strong>(=</strong></span> <span class='ocrx_word' id='word_1_49' title='bbox 680 1098 730 1161; x_wconf 87' lang='lat' dir='ltr'><strong>Or.</strong></span> <span class='ocrx_word' id='word_1_50' title='bbox 760 1097 870 1171; x_wconf 78' lang='lat' dir='ltr'><strong>23‘lll:</strong></span> <span class='ocrx_word' id='word_1_51' title='bbox 905 1098 936 1160; x_wconf 85' lang='lat' dir='ltr'><strong>O.</strong></span> <span class='ocrx_word' id='word_1_52' title='bbox 965 1098 1112 1158; x_wconf 85' lang='lat' dir='ltr'><strong>Veranius</strong></span> <span class='ocrx_word' id='word_1_53' title='bbox 1142 1096 1257 1173; x_wconf 78' lang='lat' dir='ltr'><strong>Carpus</strong></span> 
     </span>
     <span class='ocr_line' id='line_1_7' title="bbox 287 1199 1255 1278; baseline 0.001 -18"><span class='ocrx_word' id='word_1_54' title='bbox 287 1205 328 1264; x_wconf 94' lang='lat' dir='ltr'><strong>Vl</strong></span> <span class='ocrx_word' id='word_1_55' title='bbox 349 1204 397 1262; x_wconf 85' lang='lat' dir='ltr'><strong>vir</strong></span> <span class='ocrx_word' id='word_1_56' title='bbox 420 1202 462 1264; x_wconf 85' lang='lat' dir='ltr'><strong>Ol</strong></span> <span class='ocrx_word' id='word_1_57' title='bbox 485 1203 541 1262; x_wconf 86' lang='lat' dir='ltr'><strong>mai</strong></span> <span class='ocrx_word' id='word_1_58' title='bbox 565 1239 1081 1262; x_wconf 64' lang='grc'><strong>...........</strong></span> <span class='ocrx_word' id='word_1_59' title='bbox 1124 1199 1255 1278; x_wconf 82' lang='lat' dir='ltr'><strong>denique</strong></span> 
     </span>
     <span class='ocr_line' id='line_1_8' title="bbox 177 1302 1257 1366; baseline -0.001 -1"><span class='ocrx_word' id='word_1_60' title='bbox 177 1307 422 1365; x_wconf 80' lang='lat' dir='ltr'><strong>wormatiensem</strong></span> <span class='ocrx_word' id='word_1_61' title='bbox 453 1305 571 1364; x_wconf 86' lang='lat' dir='ltr'><strong>Bramb.</strong></span> <span class='ocrx_word' id='word_1_62' title='bbox 603 1308 678 1366; x_wconf 80' lang='lat'>904:</span> <span class='ocrx_word' id='word_1_63' title='bbox 714 1305 745 1366; x_wconf 80' lang='lat'><strong>0.</strong></span> <span class='ocrx_word' id='word_1_64' title='bbox 779 1304 923 1365; x_wconf 77' lang='lat' dir='ltr'><strong>Candidio</strong></span> <span class='ocrx_word' id='word_1_65' title='bbox 951 1302 1079 1362; x_wconf 86' lang='lat' dir='ltr'><strong>Martino</strong></span> <span class='ocrx_word' id='word_1_66' title='bbox 1103 1305 1174 1363; x_wconf 89' lang='lat' dir='ltr'><strong>lnul</strong></span> <span class='ocrx_word' id='word_1_67' title='bbox 1202 1306 1257 1364; x_wconf 89' lang='lat' dir='ltr'><strong>vir.</strong></span> 
     </span>
     <span class='ocr_line' id='line_1_9' title="bbox 282 1396 1255 1483; baseline -0.001 -16"><span class='ocrx_word' id='word_1_68' title='bbox 282 1397 448 1483; x_wconf 63' lang='lat' dir='ltr'><strong>⁴Augustali</strong></span> <span class='ocrx_word' id='word_1_69' title='bbox 464 1396 489 1467; x_wconf 87' lang='lat' dir='ltr'><strong>c.</strong></span> <span class='ocrx_word' id='word_1_70' title='bbox 504 1408 596 1467; x_wconf 89' lang='lat' dir='ltr'><strong>senio.</strong></span> <span class='ocrx_word' id='word_1_71' title='bbox 608 1438 649 1452; x_wconf 74' lang='lat'><em>-</em></span> <span class='ocrx_word' id='word_1_72' title='bbox 666 1407 729 1466; x_wconf 88' lang='lat' dir='ltr'><strong>Nec</strong></span> <span class='ocrx_word' id='word_1_73' title='bbox 745 1407 861 1466; x_wconf 91' lang='lat' dir='ltr'><strong>silentio</strong></span> <span class='ocrx_word' id='word_1_74' title='bbox 876 1406 1008 1465; x_wconf 76' lang='lat' dir='ltr'><strong>transibo</strong></span> <span class='ocrx_word' id='word_1_75' title='bbox 1023 1404 1151 1465; x_wconf 86' lang='lat' dir='ltr'><strong>fortasse</strong></span> <span class='ocrx_word' id='word_1_76' title='bbox 1167 1408 1255 1466; x_wconf 80' lang='lat' dir='ltr'><strong>etiam</strong></span> 
     </span>
     <span class='ocr_line' id='line_1_10' title="bbox 287 1492 1256 1587; baseline 0 -18"><span class='ocrx_word' id='word_1_77' title='bbox 287 1512 347 1569; x_wconf 92' lang='lat' dir='ltr'><strong>huc</strong></span> <span class='ocrx_word' id='word_1_78' title='bbox 379 1509 554 1570; x_wconf 78' lang='lat' dir='ltr'><strong>referendos</strong></span> <span class='ocrx_word' id='word_1_79' title='bbox 588 1527 655 1570; x_wconf 88' lang='lat' dir='ltr'><strong>esse</strong></span> <span class='ocrx_word' id='word_1_80' title='bbox 688 1509 764 1569; x_wconf 93' lang='lat' dir='ltr'><strong>duos</strong></span> <span class='ocrx_word' id='word_1_81' title='bbox 800 1507 903 1569; x_wconf 87' lang='lat' dir='ltr'><strong>titulos</strong></span> <span class='ocrx_word' id='word_1_82' title='bbox 935 1492 1078 1569; x_wconf 84' lang='lat' dir='ltr'><strong>Poleuses</strong></span> <span class='ocrx_word' id='word_1_83' title='bbox 1110 1528 1256 1587; x_wconf 81' lang='lat' dir='ltr'><strong>perquam</strong></span> 
     </span>
     <span class='ocr_line' id='line_1_11' title="bbox 233 1616 456 1693; baseline -0.004 -22"><span class='ocrx_word' id='word_1_84' title='bbox 233 1690 235 1693; x_wconf 13' lang='grc' dir='ltr'>ι</span> <span class='ocrx_word' id='word_1_85' title='bbox 287 1616 456 1689; x_wconf 90' lang='lat' dir='ltr'><strong>corruptos:</strong></span> 
     </span>
     <span class='ocr_line' id='line_1_12' title="bbox 177 1703 1148 1796; baseline -0.003 -21"><span class='ocrx_word' id='word_1_86' title='bbox 177 1713 287 1791; x_wconf 83' lang='lat' dir='ltr'><strong>Seligio</strong></span> <span class='ocrx_word' id='word_1_87' title='bbox 311 1704 428 1796; x_wconf 90' lang='lat' dir='ltr'><strong>[sevi]r.</strong></span> <span class='ocrx_word' id='word_1_88' title='bbox 450 1714 527 1790; x_wconf 85' lang='lat' dir='ltr'><strong>Aug.</strong></span> <span class='ocrx_word' id='word_1_89' title='bbox 550 1703 641 1773; x_wconf 88' lang='lat' dir='ltr'><strong>Polae</strong></span> <span class='ocrx_word' id='word_1_90' title='bbox 664 1703 704 1794; x_wconf 91' lang='lat' dir='ltr'><strong>[c.</strong></span> <span class='ocrx_word' id='word_1_91' title='bbox 728 1705 921 1794; x_wconf 75' lang='lat' dir='ltr'><strong>seuioijrum.</strong></span> <span class='ocrx_word' id='word_1_92' title='bbox 944 1757 973 1773; x_wconf 90' lang='lat'><strong>..</strong></span> <span class='ocrx_word' id='word_1_93' title='bbox 996 1713 1032 1789; x_wconf 90' lang='lat' dir='ltr'><strong>V,</strong></span> <span class='ocrx_word' id='word_1_94' title='bbox 1055 1715 1093 1772; x_wconf 77' lang='lat'><strong>72</strong></span> <span class='ocrx_word' id='word_1_95' title='bbox 1118 1716 1148 1773; x_wconf 91' lang='lat' dir='ltr'><strong>et</strong></span> 
     </span>
     <span class='ocr_line' id='line_1_13' title="bbox 177 1807 952 1896; baseline -0.003 -20"><span class='ocrx_word' id='word_1_96' title='bbox 177 1807 212 1896; x_wconf 81' lang='lat' dir='ltr'><strong>[e.</strong></span> <span class='ocrx_word' id='word_1_97' title='bbox 234 1807 394 1896; x_wconf 62' lang='lat' dir='ltr'><strong>semborum</strong></span> <span class='ocrx_word' id='word_1_98' title='bbox 418 1817 488 1875; x_wconf 87' lang='lat' dir='ltr'><strong>luul</strong></span> <span class='ocrx_word' id='word_1_99' title='bbox 510 1860 539 1875; x_wconf 89' lang='lat'><strong>..</strong></span> <span class='ocrx_word' id='word_1_100' title='bbox 562 1817 598 1891; x_wconf 98' lang='lat' dir='ltr'><strong>V,</strong></span> <span class='ocrx_word' id='word_1_101' title='bbox 621 1811 701 1888; x_wconf 72' lang='lat' dir='ltr'><strong>w)</strong></span> <span class='ocrx_word' id='word_1_102' title='bbox 948 1883 952 1890; x_wconf 25' lang='lat'>¹</span> 
     </span>
     <span class='ocr_line' id='line_1_14' title="bbox 125 1905 1255 2003; baseline 0 -25"><span class='ocrx_word' id='word_1_103' title='bbox 125 1932 128 1937; x_wconf 81' lang='grc'><strong>’</strong></span> <span class='ocrx_word' id='word_1_104' title='bbox 202 1909 355 2003; x_wconf 50' lang='lat' dir='ltr'><strong>³Namque</strong></span> <span class='ocrx_word' id='word_1_105' title='bbox 379 1919 410 1977; x_wconf 88' lang='lat' dir='ltr'><strong>in</strong></span> <span class='ocrx_word' id='word_1_106' title='bbox 424 1917 606 1978; x_wconf 87' lang='lat' dir='ltr'><strong>Novarieusi</strong></span> <span class='ocrx_word' id='word_1_107' title='bbox 628 1915 805 1995; x_wconf 90' lang='lat' dir='ltr'><strong>compendia</strong></span> <span class='ocrx_word' id='word_1_108' title='bbox 826 1917 870 1992; x_wconf 82' lang='lat' dir='ltr'><strong>ita</strong></span> <span class='ocrx_word' id='word_1_109' title='bbox 883 1905 999 1992; x_wconf 29' lang='lat' dir='ltr'><strong>,censeo</strong></span> <span class='ocrx_word' id='word_1_110' title='bbox 1015 1917 1161 1978; x_wconf 85' lang='lat' dir='ltr'><strong>solvenda</strong></span> <span class='ocrx_word' id='word_1_111' title='bbox 1176 1936 1255 1978; x_wconf 87' lang='lat' dir='ltr'><strong>esse:</strong></span> 
     </span>
     <span class='ocr_line' id='line_1_15' title="bbox 133 2019 1256 2097; baseline 0.002 -19"><span class='ocrx_word' id='word_1_112' title='bbox 133 2021 238 2086; x_wconf 81' lang='lat' dir='ltr'><strong>senior</strong></span> <span class='ocrx_word' id='word_1_113' title='bbox 267 2021 397 2097; x_wconf 71' lang='lat' dir='ltr'><strong>creatus</strong></span> <span class='ocrx_word' id='word_1_114' title='bbox 418 2021 613 2080; x_wconf 77' lang='lat' dir='ltr'><strong>decurionum</strong></span> <span class='ocrx_word' id='word_1_115' title='bbox 643 2020 775 2079; x_wconf 82' lang='lat' dir='ltr'><strong>decreto.</strong></span> <span class='ocrx_word' id='word_1_116' title='bbox 827 2019 857 2080; x_wconf 86' lang='lat' dir='ltr'><strong>Si</strong></span> <span class='ocrx_word' id='word_1_117' title='bbox 887 2020 964 2079; x_wconf 90' lang='lat' dir='ltr'><strong>enim</strong></span> <span class='ocrx_word' id='word_1_118' title='bbox 988 2019 1139 2080; x_wconf 88' lang='lat' dir='ltr'><strong>Novariae</strong></span> <span class='ocrx_word' id='word_1_119' title='bbox 1160 2050 1204 2062; x_wconf 93' lang='lat'><em>-</em></span> <span class='ocrx_word' id='word_1_120' title='bbox 1226 2021 1256 2080; x_wconf 91' lang='lat' dir='ltr'><strong>id</strong></span> 
     </span>
     <span class='ocr_line' id='line_1_16' title="bbox 88 2119 1256 2207; baseline 0 -25"><span class='ocrx_word' id='word_1_121' title='bbox 88 2148 106 2207; x_wconf 51' lang='lat'><em>3</em></span> <span class='ocrx_word' id='word_1_122' title='bbox 134 2122 214 2198; x_wconf 93' lang='lat' dir='ltr'><strong>quod</strong></span> <span class='ocrx_word' id='word_1_123' title='bbox 236 2119 374 2199; x_wconf 88' lang='lat' dir='ltr'><strong>suspicor</strong></span> <span class='ocrx_word' id='word_1_124' title='bbox 396 2152 437 2162; x_wconf 91' lang='lat'>-</span> <span class='ocrx_word' id='word_1_125' title='bbox 468 2123 647 2182; x_wconf 83' lang='lat' dir='ltr'><strong>exstiterunt</strong></span> <span class='ocrx_word' id='word_1_126' title='bbox 675 2123 791 2181; x_wconf 83' lang='lat' dir='ltr'><strong>sexuiri</strong></span> <span class='ocrx_word' id='word_1_127' title='bbox 812 2123 947 2181; x_wconf 77' lang='lat' dir='ltr'><strong>seniores</strong></span> <span class='ocrx_word' id='word_1_128' title='bbox 978 2128 1006 2181; x_wconf 81' lang='lat' dir='ltr'><strong>et</strong></span> <span class='ocrx_word' id='word_1_129' title='bbox 1036 2125 1113 2196; x_wconf 80' lang='lat' dir='ltr'><strong>Aup.</strong></span> <span class='ocrx_word' id='word_1_130' title='bbox 1136 2126 1256 2182; x_wconf 77' lang='lat' dir='ltr'><strong>etsex-</strong></span> 
     </span>
     <span class='ocr_line' id='line_1_17' title="bbox 133 2220 1255 2303; baseline 0.001 -20"><span class='ocrx_word' id='word_1_131' title='bbox 133 2224 192 2283; x_wconf 84' lang='lat' dir='ltr'><strong>oiri</strong></span> <span class='ocrx_word' id='word_1_132' title='bbox 214 2225 274 2284; x_wconf 78' lang='lat' dir='ltr'><strong>tuo.</strong></span> <span class='ocrx_word' id='word_1_133' title='bbox 298 2231 328 2284; x_wconf 85' lang='lat' dir='ltr'><strong>et</strong></span> <span class='ocrx_word' id='word_1_134' title='bbox 351 2227 429 2300; x_wconf 67' lang='lat' dir='ltr'><strong>Aac.</strong></span> <span class='ocrx_word' id='word_1_135' title='bbox 458 2223 508 2300; x_wconf 85' lang='lat' dir='ltr'><strong>(ci.</strong></span> <span class='ocrx_word' id='word_1_136' title='bbox 531 2225 566 2303; x_wconf 92' lang='lat' dir='ltr'><strong>V,</strong></span> <span class='ocrx_word' id='word_1_137' title='bbox 591 2227 702 2303; x_wconf 85' lang='grc'>6665),</span> <span class='ocrx_word' id='word_1_138' title='bbox 736 2243 802 2284; x_wconf 93' lang='lat' dir='ltr'><strong>mea</strong></span> <span class='ocrx_word' id='word_1_139' title='bbox 832 2220 953 2301; x_wconf 86' lang='lat' dir='ltr'><strong>quidem</strong></span> <span class='ocrx_word' id='word_1_140' title='bbox 985 2225 1133 2284; x_wconf 85' lang='lat' dir='ltr'><strong>sententia</strong></span> <span class='ocrx_word' id='word_1_141' title='bbox 1167 2225 1255 2284; x_wconf 91' lang='lat' dir='ltr'><strong>etiam</strong></span> 
     </span>
     <span class='ocr_line' id='line_1_18' title="bbox 134 2325 1254 2405; baseline 0.001 -20"><span class='ocrx_word' id='word_1_142' title='bbox 134 2327 175 2385; x_wconf 91' lang='lat' dir='ltr'><strong>ita</strong></span> <span class='ocrx_word' id='word_1_143' title='bbox 196 2325 264 2386; x_wconf 81' lang='lat' dir='ltr'><strong>dici</strong></span> <span class='ocrx_word' id='word_1_144' title='bbox 296 2329 404 2405; x_wconf 91' lang='lat' dir='ltr'><strong>potuit:</strong></span> <span class='ocrx_word' id='word_1_145' title='bbox 439 2328 544 2386; x_wconf 71' lang='lat' dir='ltr'><strong>sexve</strong></span> <span class='ocrx_word' id='word_1_146' title='bbox 580 2331 607 2387; x_wconf 85' lang='lat' dir='ltr'><strong>et</strong></span> <span class='ocrx_word' id='word_1_147' title='bbox 630 2329 705 2401; x_wconf 68' lang='lat' dir='ltr'><strong>Aac.</strong></span> <span class='ocrx_word' id='word_1_148' title='bbox 730 2343 794 2386; x_wconf 81' lang='lat' dir='ltr'><strong>seo.</strong></span> <span class='ocrx_word' id='word_1_149' title='bbox 824 2327 873 2387; x_wconf 85' lang='lat' dir='ltr'><strong>rel</strong></span> <span class='ocrx_word' id='word_1_150' title='bbox 896 2328 956 2384; x_wconf 79' lang='lat' dir='ltr'><strong>iun.</strong></span> <span class='ocrx_word' id='word_1_151' title='bbox 1018 2327 1123 2387; x_wconf 81' lang='lat' dir='ltr'>Cetera</span> <span class='ocrx_word' id='word_1_152' title='bbox 1156 2331 1254 2386; x_wconf 88' lang='lat' dir='ltr'><strong>autem</strong></span> 
     </span>
     <span class='ocr_line' id='line_1_19' title="bbox 134 2426 1255 2506; baseline 0.003 -19"><span class='ocrx_word' id='word_1_153' title='bbox 134 2429 281 2506; x_wconf 91' lang='lat' dir='ltr'><strong>simplicia</strong></span> <span class='ocrx_word' id='word_1_154' title='bbox 297 2434 375 2489; x_wconf 91' lang='lat' dir='ltr'><strong>sunt.</strong></span> <span class='ocrx_word' id='word_1_155' title='bbox 420 2431 455 2489; x_wconf 92' lang='lat' dir='ltr'><strong>ln</strong></span> <span class='ocrx_word' id='word_1_156' title='bbox 471 2429 638 2490; x_wconf 79' lang='lat' dir='ltr'><strong>Veronensi</strong></span> <span class='ocrx_word' id='word_1_157' title='bbox 654 2429 813 2490; x_wconf 92' lang='lat' dir='ltr'><strong>dummodo</strong></span> <span class='ocrx_word' id='word_1_158' title='bbox 837 2428 924 2488; x_wconf 85' lang='lat' dir='ltr'><strong>VIoir</strong></span> <span class='ocrx_word' id='word_1_159' title='bbox 940 2426 1136 2503; x_wconf 70' lang='lat' dir='ltr'><strong>(claudicas)</strong></span> <span class='ocrx_word' id='word_1_160' title='bbox 1159 2432 1255 2490; x_wconf 80' lang='lat' dir='ltr'><strong>maior</strong></span> 
     </span>
     <span class='ocr_line' id='line_1_20' title="bbox 134 2528 1255 2611; baseline 0.001 -20"><span class='ocrx_word' id='word_1_161' title='bbox 134 2536 215 2591; x_wconf 89' lang='lat' dir='ltr'><strong>recte</strong></span> <span class='ocrx_word' id='word_1_162' title='bbox 236 2532 446 2611; x_wconf 89' lang='lat' dir='ltr'><strong>intellegatur,</strong></span> <span class='ocrx_word' id='word_1_163' title='bbox 472 2531 554 2609; x_wconf 91' lang='lat' dir='ltr'><strong>quod</strong></span> <span class='ocrx_word' id='word_1_164' title='bbox 578 2534 649 2591; x_wconf 92' lang='lat' dir='ltr'><strong>mihi</strong></span> <span class='ocrx_word' id='word_1_165' title='bbox 680 2552 741 2592; x_wconf 90' lang='lat' dir='ltr'><strong>non</strong></span> <span class='ocrx_word' id='word_1_166' title='bbox 762 2531 880 2591; x_wconf 89' lang='lat' dir='ltr'><strong>videtur</strong></span> <span class='ocrx_word' id='word_1_167' title='bbox 903 2533 965 2591; x_wconf 92' lang='lat' dir='ltr'><strong>veri</strong></span> <span class='ocrx_word' id='word_1_168' title='bbox 989 2533 1130 2592; x_wconf 84' lang='lat' dir='ltr'><strong>dissimile</strong></span> <span class='ocrx_word' id='word_1_169' title='bbox 1141 2528 1175 2609; x_wconf 82' lang='grc'><strong>3),</strong></span> <span class='ocrx_word' id='word_1_170' title='bbox 1198 2532 1255 2592; x_wconf 90' lang='lat' dir='ltr'><strong>hoc</strong></span> 
     </span>
     <span class='ocr_line' id='line_1_21' title="bbox 134 2634 1255 2712; baseline 0.002 -20"><span class='ocrx_word' id='word_1_171' title='bbox 134 2652 241 2693; x_wconf 90' lang='lat' dir='ltr'><strong>nomen</strong></span> <span class='ocrx_word' id='word_1_172' title='bbox 263 2634 342 2694; x_wconf 90' lang='lat' dir='ltr'><strong>idem</strong></span> <span class='ocrx_word' id='word_1_173' title='bbox 365 2635 533 2711; x_wconf 89' lang='lat' dir='ltr'><strong>siguificare</strong></span> <span class='ocrx_word' id='word_1_174' title='bbox 554 2635 635 2712; x_wconf 91' lang='lat' dir='ltr'><strong>quod</strong></span> <span class='ocrx_word' id='word_1_175' title='bbox 665 2635 733 2694; x_wconf 91' lang='lat' dir='ltr'><strong>alibi</strong></span> <span class='ocrx_word' id='word_1_176' title='bbox 755 2636 858 2693; x_wconf 68' lang='lat' dir='ltr'><strong>servir</strong></span> <span class='ocrx_word' id='word_1_177' title='bbox 880 2679 887 2694; x_wconf 92' lang='lat'><strong>.</strong></span> <span class='ocrx_word' id='word_1_178' title='bbox 909 2679 916 2694; x_wconf 90' lang='lat'><strong>.</strong></span> <span class='ocrx_word' id='word_1_179' title='bbox 945 2636 1048 2694; x_wconf 79' lang='lat' dir='ltr'><strong>senior</strong></span> <span class='ocrx_word' id='word_1_180' title='bbox 1070 2635 1255 2694; x_wconf 85' lang='lat' dir='ltr'><strong>crediderim.</strong></span> 
     </span>
     <span class='ocr_line' id='line_1_22' title="bbox 134 2735 1254 2815; baseline 0.002 -20"><span class='ocrx_word' id='word_1_181' title='bbox 134 2735 319 2813; x_wconf 77' lang='lat' dir='ltr'><strong>Quamquam</strong></span> <span class='ocrx_word' id='word_1_182' title='bbox 336 2757 371 2797; x_wconf 94' lang='lat' dir='ltr'><strong>eo</strong></span> <span class='ocrx_word' id='word_1_183' title='bbox 392 2737 579 2815; x_wconf 84' lang='lat' dir='ltr'><strong>offendimur,</strong></span> <span class='ocrx_word' id='word_1_184' title='bbox 603 2737 683 2815; x_wconf 94' lang='lat' dir='ltr'><strong>quod</strong></span> <span class='ocrx_word' id='word_1_185' title='bbox 700 2739 780 2797; x_wconf 90' lang='lat' dir='ltr'><strong>inter</strong></span> <span class='ocrx_word' id='word_1_186' title='bbox 795 2738 952 2814; x_wconf 82' lang='lat' dir='ltr'><strong>sexaginta</strong></span> <span class='ocrx_word' id='word_1_187' title='bbox 968 2737 1030 2796; x_wconf 90' lang='lat' dir='ltr'><strong>fere</strong></span> <span class='ocrx_word' id='word_1_188' title='bbox 1046 2738 1174 2797; x_wconf 85' lang='lat' dir='ltr'><strong>sevirum</strong></span> <span class='ocrx_word' id='word_1_189' title='bbox 1186 2738 1254 2798; x_wconf 89' lang='lat' dir='ltr'><strong>titu-</strong></span> 
     </span>
    </p>
   </div>
   <div class='ocr_carea' id='block_1_4' title="bbox 133 2839 1346 2918">
    <p class='ocr_par' dir='ltr' id='par_1_4' title="bbox 133 2839 1346 2918">
     <span class='ocr_line' id='line_1_23' title="bbox 133 2839 1346 2918; baseline 0.002 -21"><span class='ocrx_word' id='word_1_190' title='bbox 133 2839 178 2898; x_wconf 91' lang='lat' dir='ltr'><strong>los</strong></span> <span class='ocrx_word' id='word_1_191' title='bbox 192 2839 330 2899; x_wconf 90' lang='lat' dir='ltr'><strong>Veronae</strong></span> <span class='ocrx_word' id='word_1_192' title='bbox 353 2843 490 2917; x_wconf 88' lang='lat' dir='ltr'><strong>repertos</strong></span> <span class='ocrx_word' id='word_1_193' title='bbox 513 2859 573 2900; x_wconf 92' lang='lat' dir='ltr'><strong>non</strong></span> <span class='ocrx_word' id='word_1_194' title='bbox 596 2842 666 2918; x_wconf 93' lang='lat' dir='ltr'><strong>plus</strong></span> <span class='ocrx_word' id='word_1_195' title='bbox 689 2858 780 2899; x_wconf 90' lang='lat' dir='ltr'><strong>unum</strong></span> <span class='ocrx_word' id='word_1_196' title='bbox 804 2843 902 2899; x_wconf 82' lang='lat' dir='ltr'><strong>exstat</strong></span> <span class='ocrx_word' id='word_1_197' title='bbox 916 2840 997 2899; x_wconf 91' lang='lat' dir='ltr'><strong>illius</strong></span> <span class='ocrx_word' id='word_1_198' title='bbox 1012 2840 1133 2917; x_wconf 72' lang='lat' dir='ltr'><strong>genens</strong></span> <span class='ocrx_word' id='word_1_199' title='bbox 1156 2857 1253 2900; x_wconf 87' lang='lat' dir='ltr'><strong>exem·</strong></span> <span class='ocrx_word' id='word_1_200' title='bbox 1344 2860 1346 2868; x_wconf 93' lang='lat'>·</span> 
     </span>
    </p>
   </div>
   <div class='ocr_carea' id='block_1_5' title="bbox 133 2941 1253 3020">
    <p class='ocr_par' dir='ltr' id='par_1_5' title="bbox 133 2941 1253 3020">
     <span class='ocr_line' id='line_1_24' title="bbox 133 2941 1253 3020; baseline 0.002 -21"><span class='ocrx_word' id='word_1_201' title='bbox 133 2941 228 3018; x_wconf 81' lang='lat' dir='ltr'><strong>plum3</strong></span> <span class='ocrx_word' id='word_1_202' title='bbox 251 2942 306 3001; x_wconf 90' lang='lat' dir='ltr'><strong>nisi</strong></span> <span class='ocrx_word' id='word_1_203' title='bbox 329 2942 406 3002; x_wconf 86' lang='lat' dir='ltr'><strong>forte</strong></span> <span class='ocrx_word' id='word_1_204' title='bbox 429 2944 500 3002; x_wconf 92' lang='lat' dir='ltr'><strong>licet</strong></span> <span class='ocrx_word' id='word_1_205' title='bbox 521 2946 628 3020; x_wconf 87' lang='lat' dir='ltr'><strong>putare</strong></span> <span class='ocrx_word' id='word_1_206' title='bbox 645 2941 819 3002; x_wconf 90' lang='lat' dir='ltr'><strong>divisionem</strong></span> <span class='ocrx_word' id='word_1_207' title='bbox 843 2941 923 3000; x_wconf 91' lang='lat' dir='ltr'><strong>illam</strong></span> <span class='ocrx_word' id='word_1_208' title='bbox 939 2943 1076 3001; x_wconf 88' lang='lat' dir='ltr'><strong>Veronae</strong></span> <span class='ocrx_word' id='word_1_209' title='bbox 1092 2941 1253 3019; x_wconf 90' lang='lat' dir='ltr'><strong>aliquando</strong></span> 
     </span>
    </p>
   </div>
   <div class='ocr_carea' id='block_1_6' title="bbox 39 3043 1253 3126">
    <p class='ocr_par' dir='ltr' id='par_1_6' title="bbox 39 3043 1253 3126">
     <span class='ocr_line' id='line_1_25' title="bbox 39 3043 1253 3126; baseline 0.002 -25"><span class='ocrx_word' id='word_1_210' title='bbox 39 3059 41 3062; x_wconf 71' lang='grc'>’</span> <span class='ocrx_word' id='word_1_211' title='bbox 133 3043 312 3121; x_wconf 84' lang='lat' dir='ltr'><strong>institutam,</strong></span> <span class='ocrx_word' id='word_1_212' title='bbox 349 3044 403 3104; x_wconf 92' lang='lat' dir='ltr'><strong>sed</strong></span> <span class='ocrx_word' id='word_1_213' title='bbox 439 3064 508 3105; x_wconf 87' lang='lat' dir='ltr'><strong>mox</strong></span> <span class='ocrx_word' id='word_1_214' title='bbox 539 3063 644 3104; x_wconf 89' lang='lat' dir='ltr'><strong>rursus</strong></span> <span class='ocrx_word' id='word_1_215' title='bbox 674 3045 820 3126; x_wconf 84' lang='lat' dir='ltr'><strong>sublatam</strong></span> <span class='ocrx_word' id='word_1_216' title='bbox 851 3062 923 3104; x_wconf 88' lang='lat' dir='ltr'><strong>esse.</strong></span> <span class='ocrx_word' id='word_1_217' title='bbox 970 3045 1005 3102; x_wconf 91' lang='lat' dir='ltr'><strong>In</strong></span> <span class='ocrx_word' id='word_1_218' title='bbox 1035 3044 1123 3104; x_wconf 91' lang='lat' dir='ltr'><strong>titulo</strong></span> <span class='ocrx_word' id='word_1_219' title='bbox 1154 3048 1253 3105; x_wconf 85' lang='lat' dir='ltr'><strong>autem</strong></span> 
     </span>
    </p>
   </div>
   <div class='ocr_carea' id='block_1_7' title="bbox 132 3145 1254 3328">
    <p class='ocr_par' dir='ltr' id='par_1_7' title="bbox 132 3145 1254 3328">
     <span class='ocr_line' id='line_1_26' title="bbox 134 3145 1254 3230; baseline 0.002 -26"><span class='ocrx_word' id='word_1_220' title='bbox 134 3146 317 3206; x_wconf 87' lang='lat' dir='ltr'><strong>Wormatiae</strong></span> <span class='ocrx_word' id='word_1_221' title='bbox 340 3152 441 3225; x_wconf 89' lang='lat' dir='ltr'><strong>eruto,</strong></span> <span class='ocrx_word' id='word_1_222' title='bbox 464 3149 549 3207; x_wconf 92' lang='lat' dir='ltr'><strong>cuius</strong></span> <span class='ocrx_word' id='word_1_223' title='bbox 572 3146 896 3230; x_wconf 81' lang='lat' dir='ltr'><strong>notasssrambachius</strong></span> <span class='ocrx_word' id='word_1_224' title='bbox 918 3147 959 3205; x_wconf 89' lang='lat' dir='ltr'><strong>ita</strong></span> <span class='ocrx_word' id='word_1_225' title='bbox 982 3147 1086 3206; x_wconf 87' lang='lat' dir='ltr'><strong>solvit:</strong></span> <span class='ocrx_word' id='word_1_226' title='bbox 1123 3145 1254 3220; x_wconf 75' lang='lat' dir='ltr'><strong>clivium)</strong></span> 
     </span>
     <span class='ocr_line' id='line_1_27' title="bbox 132 3246 1253 3328; baseline 0.003 -22"><span class='ocrx_word' id='word_1_227' title='bbox 132 3247 744 3328; x_wconf 67' lang='grc' dir='ltr'>6666666664),666Ρ6166666666666</span> <span class='ocrx_word' id='word_1_228' title='bbox 757 3269 795 3309; x_wconf 90' lang='lat' dir='ltr'><strong>an</strong></span> <span class='ocrx_word' id='word_1_229' title='bbox 808 3249 866 3326; x_wconf 85' lang='lat' dir='ltr'><strong>legi</strong></span> <span class='ocrx_word' id='word_1_230' title='bbox 880 3251 987 3326; x_wconf 86' lang='lat' dir='ltr'><strong>possit:</strong></span> <span class='ocrx_word' id='word_1_231' title='bbox 1003 3246 1184 3323; x_wconf 71' lang='lat' dir='ltr'><strong>cieatariae)</strong></span> <span class='ocrx_word' id='word_1_232' title='bbox 1196 3248 1253 3323; x_wconf 71' lang='lat' dir='ltr'><strong>sie·</strong></span> 
     </span>
    </p>
   </div>
   <div class='ocr_carea' id='block_1_8' title="bbox 132 3346 1486 3430">
    <p class='ocr_par' dir='ltr' id='par_1_8' title="bbox 132 3346 1486 3430">
     <span class='ocr_line' id='line_1_28' title="bbox 132 3346 1486 3430; baseline 0 -20"><span class='ocrx_word' id='word_1_233' title='bbox 132 3349 271 3424; x_wconf 74' lang='lat' dir='ltr'><strong>ntorum).</strong></span> <span class='ocrx_word' id='word_1_234' title='bbox 294 3353 432 3429; x_wconf 90' lang='lat' dir='ltr'><strong>Namque</strong></span> <span class='ocrx_word' id='word_1_235' title='bbox 448 3353 607 3430; x_wconf 87' lang='lat' dir='ltr'><strong>centurias,</strong></span> <span class='ocrx_word' id='word_1_236' title='bbox 623 3352 736 3411; x_wconf 89' lang='lat' dir='ltr'><strong>etiamsi</strong></span> <span class='ocrx_word' id='word_1_237' title='bbox 748 3346 778 3410; x_wconf 84' lang='lat' dir='ltr'><strong>iu</strong></span> <span class='ocrx_word' id='word_1_238' title='bbox 793 3351 898 3412; x_wconf 89' lang='lat' dir='ltr'><strong>seviris</strong></span> <span class='ocrx_word' id='word_1_239' title='bbox 906 3352 976 3411; x_wconf 89' lang='lat' dir='ltr'><strong>alibi</strong></span> <span class='ocrx_word' id='word_1_240' title='bbox 985 3370 1043 3411; x_wconf 91' lang='lat' dir='ltr'><strong>non</strong></span> <span class='ocrx_word' id='word_1_241' title='bbox 1057 3357 1127 3413; x_wconf 89' lang='lat' dir='ltr'><strong>sunt</strong></span> <span class='ocrx_word' id='word_1_242' title='bbox 1139 3351 1253 3428; x_wconf 84' lang='lat' dir='ltr'><strong>obviae,</strong></span> <span class='ocrx_word' id='word_1_243' title='bbox 1362 3423 1365 3429; x_wconf 23' lang='grc' dir='ltr'>Ι</span> <span class='ocrx_word' id='word_1_244' title='bbox 1484 3391 1486 3396; x_wconf 53' lang='lat'><em>2</em></span> 
     </span>
    </p>
   </div>
   <div class='ocr_carea' id='block_1_9' title="bbox 132 3451 1253 3837">
    <p class='ocr_par' dir='ltr' id='par_1_9' title="bbox 132 3451 1253 3837">
     <span class='ocr_line' id='line_1_29' title="bbox 132 3451 1252 3529; baseline 0.001 -18"><span class='ocrx_word' id='word_1_245' title='bbox 132 3455 230 3513; x_wconf 88' lang='lat' dir='ltr'><strong>tamen</strong></span> <span class='ocrx_word' id='word_1_246' title='bbox 253 3455 374 3514; x_wconf 90' lang='lat' dir='ltr'><strong>omniuo</strong></span> <span class='ocrx_word' id='word_1_247' title='bbox 390 3456 419 3514; x_wconf 93' lang='lat' dir='ltr'><strong>in</strong></span> <span class='ocrx_word' id='word_1_248' title='bbox 437 3454 569 3529; x_wconf 83' lang='lat' dir='ltr'><strong>collegiis</strong></span> <span class='ocrx_word' id='word_1_249' title='bbox 600 3454 681 3512; x_wconf 93' lang='lat' dir='ltr'><strong>haud</strong></span> <span class='ocrx_word' id='word_1_250' title='bbox 703 3472 772 3513; x_wconf 88' lang='lat' dir='ltr'><strong>raro</strong></span> <span class='ocrx_word' id='word_1_251' title='bbox 796 3455 1019 3514; x_wconf 90' lang='lat' dir='ltr'><strong>commemorari</strong></span> <span class='ocrx_word' id='word_1_252' title='bbox 1043 3457 1144 3513; x_wconf 92' lang='lat' dir='ltr'><strong>uotum</strong></span> <span class='ocrx_word' id='word_1_253' title='bbox 1169 3451 1252 3522; x_wconf 63' lang='lat' dir='ltr'><strong>esst)</strong></span> 
     </span>
     <span class='ocr_line' id='line_1_30' title="bbox 133 3555 1252 3633; baseline 0.002 -19"><span class='ocrx_word' id='word_1_254' title='bbox 133 3555 220 3628; x_wconf 78' lang='lat' dir='ltr'><strong>Quod</strong></span> <span class='ocrx_word' id='word_1_255' title='bbox 243 3560 310 3616; x_wconf 89' lang='lat' dir='ltr'><strong>utut</strong></span> <span class='ocrx_word' id='word_1_256' title='bbox 332 3561 394 3632; x_wconf 89' lang='lat' dir='ltr'><strong>est,</strong></span> <span class='ocrx_word' id='word_1_257' title='bbox 424 3575 571 3633; x_wconf 88' lang='lat' dir='ltr'><strong>quaenam</strong></span> <span class='ocrx_word' id='word_1_258' title='bbox 600 3557 630 3614; x_wconf 92' lang='lat' dir='ltr'><strong>in</strong></span> <span class='ocrx_word' id='word_1_259' title='bbox 654 3556 790 3615; x_wconf 92' lang='lat' dir='ltr'><strong>omnibus</strong></span> <span class='ocrx_word' id='word_1_260' title='bbox 821 3557 865 3615; x_wconf 91' lang='lat' dir='ltr'><strong>his</strong></span> <span class='ocrx_word' id='word_1_261' title='bbox 896 3556 1014 3633; x_wconf 86' lang='lat' dir='ltr'><strong>oppidis</strong></span> <span class='ocrx_word' id='word_1_262' title='bbox 1041 3555 1133 3615; x_wconf 89' lang='lat' dir='ltr'><strong>fuerit</strong></span> <span class='ocrx_word' id='word_1_263' title='bbox 1159 3556 1252 3622; x_wconf 84' lang='lat' dir='ltr'><strong>¹huius</strong></span> 
     </span>
     <span class='ocr_line' id='line_1_31' title="bbox 133 3639 1253 3736; baseline 0.003 -21"><span class='ocrx_word' id='word_1_264' title='bbox 133 3657 285 3717; x_wconf 90' lang='lat' dir='ltr'><strong>divisionis</strong></span> <span class='ocrx_word' id='word_1_265' title='bbox 307 3659 400 3736; x_wconf 90' lang='lat' dir='ltr'><strong>ratio,</strong></span> <span class='ocrx_word' id='word_1_266' title='bbox 422 3677 460 3718; x_wconf 84' lang='lat' dir='ltr'><strong>ex</strong></span> <span class='ocrx_word' id='word_1_267' title='bbox 482 3659 588 3736; x_wconf 86' lang='lat' dir='ltr'><strong>paucis</strong></span> <span class='ocrx_word' id='word_1_268' title='bbox 612 3677 689 3735; x_wconf 89' lang='lat' dir='ltr'><strong>quac</strong></span> <span class='ocrx_word' id='word_1_269' title='bbox 712 3662 831 3717; x_wconf 88' lang='lat' dir='ltr'><strong>servata</strong></span> <span class='ocrx_word' id='word_1_270' title='bbox 852 3661 922 3717; x_wconf 92' lang='lat' dir='ltr'><strong>sunt</strong></span> <span class='ocrx_word' id='word_1_271' title='bbox 945 3639 1089 3734; x_wconf 82' lang='lat' dir='ltr'><strong>exemplis</strong></span> <span class='ocrx_word' id='word_1_272' title='bbox 1113 3663 1253 3718; x_wconf 91' lang='lat' dir='ltr'><strong>accurate</strong></span> 
     </span>
     <span class='ocr_line' id='line_1_32' title="bbox 135 3758 1253 3837; baseline 0.003 -19"><span class='ocrx_word' id='word_1_273' title='bbox 135 3758 252 3819; x_wconf 86' lang='lat' dir='ltr'><strong>definiri</strong></span> <span class='ocrx_word' id='word_1_274' title='bbox 275 3762 387 3837; x_wconf 90' lang='lat' dir='ltr'><strong>nequit.</strong></span> <span class='ocrx_word' id='word_1_275' title='bbox 432 3760 534 3821; x_wconf 82' lang='lat' dir='ltr'><strong>Solum</strong></span> <span class='ocrx_word' id='word_1_276' title='bbox 558 3761 588 3819; x_wconf 91' lang='lat' dir='ltr'><strong>id</strong></span> <span class='ocrx_word' id='word_1_277' title='bbox 612 3760 816 3821; x_wconf 81' lang='lat' dir='ltr'><strong>contenderim</strong></span> <span class='ocrx_word' id='word_1_278' title='bbox 840 3779 904 3820; x_wconf 90' lang='lat' dir='ltr'><strong>eam</strong></span> <span class='ocrx_word' id='word_1_279' title='bbox 928 3761 958 3819; x_wconf 93' lang='lat' dir='ltr'><strong>in</strong></span> <span class='ocrx_word' id='word_1_280' title='bbox 982 3760 1134 3820; x_wconf 90' lang='lat' dir='ltr'><strong>nonnullis</strong></span> <span class='ocrx_word' id='word_1_281' title='bbox 1156 3760 1253 3821; x_wconf 87' lang='lat' dir='ltr'><strong>diuer-</strong></span> 
     </span>
    </p>
   </div>
   <div class='ocr_carea' id='block_1_10' title="bbox 131 3967 1265 4554">
    <p class='ocr_par' dir='ltr' id='par_1_10' title="bbox 131 3967 1265 4212">
     <span class='ocr_line' id='line_1_33' title="bbox 220 3967 1251 4042; baseline 0.002 -18"><span class='ocrx_word' id='word_1_282' title='bbox 220 3975 240 4038; x_wconf 76' lang='grc'><strong>1)</strong></span> <span class='ocrx_word' id='word_1_283' title='bbox 258 3972 293 4040; x_wconf 92' lang='lat' dir='ltr'><strong>V,</strong></span> <span class='ocrx_word' id='word_1_284' title='bbox 311 3988 338 4041; x_wconf 93' lang='lat' dir='ltr'><strong>p.</strong></span> <span class='ocrx_word' id='word_1_285' title='bbox 357 3977 406 4028; x_wconf 88' lang='grc'><strong>636</strong></span> <span class='ocrx_word' id='word_1_286' title='bbox 424 3973 579 4028; x_wconf 80' lang='lat' dir='ltr'><strong>adn..·Vide</strong></span> <span class='ocrx_word' id='word_1_287' title='bbox 597 3967 697 4042; x_wconf 73' lang='lat' dir='ltr'><strong>tamem</strong></span> <span class='ocrx_word' id='word_1_288' title='bbox 716 3972 791 4041; x_wconf 92' lang='lat' dir='ltr'><strong>quod</strong></span> <span class='ocrx_word' id='word_1_289' title='bbox 808 3972 843 4026; x_wconf 91' lang='lat' dir='ltr'><strong>de</strong></span> <span class='ocrx_word' id='word_1_290' title='bbox 866 3972 956 4040; x_wconf 89' lang='lat' dir='ltr'><strong>primo</strong></span> <span class='ocrx_word' id='word_1_291' title='bbox 974 3979 1003 4027; x_wconf 90' lang='lat' dir='ltr'><strong>et</strong></span> <span class='ocrx_word' id='word_1_292' title='bbox 1025 3977 1123 4041; x_wconf 92' lang='lat' dir='ltr'><strong>quarto</strong></span> <span class='ocrx_word' id='word_1_293' title='bbox 1140 3973 1251 4027; x_wconf 86' lang='lat' dir='ltr'><strong>Momm-</strong></span> 
     </span>
     <span class='ocr_line' id='line_1_34' title="bbox 133 4057 1265 4128; baseline 0.001 -17"><span class='ocrx_word' id='word_1_294' title='bbox 133 4072 217 4111; x_wconf 89' lang='lat' dir='ltr'><strong>seuus</strong></span> <span class='ocrx_word' id='word_1_295' title='bbox 235 4057 338 4112; x_wconf 89' lang='lat' dir='ltr'><strong>ibidem</strong></span> <span class='ocrx_word' id='word_1_296' title='bbox 356 4059 485 4128; x_wconf 83' lang='lat' dir='ltr'><strong>exposuit</strong></span> <span class='ocrx_word' id='word_1_297' title='bbox 502 4064 532 4113; x_wconf 90' lang='lat' dir='ltr'><strong>et</strong></span> <span class='ocrx_word' id='word_1_298' title='bbox 550 4059 584 4112; x_wconf 91' lang='grc'><strong>66</strong></span> <span class='ocrx_word' id='word_1_299' title='bbox 597 4063 697 4126; x_wconf 85' lang='lat' dir='ltr'><strong>quarto</strong></span> <span class='ocrx_word' id='word_1_300' title='bbox 714 4064 859 4126; x_wconf 84' lang='lat' dir='ltr'><strong>praeterea</strong></span> <span class='ocrx_word' id='word_1_301' title='bbox 876 4058 905 4110; x_wconf 89' lang='lat' dir='ltr'><strong>in</strong></span> <span class='ocrx_word' id='word_1_302' title='bbox 917 4057 1095 4113; x_wconf 86' lang='lat' dir='ltr'><strong>adnotatione</strong></span> <span class='ocrx_word' id='word_1_303' title='bbox 1113 4059 1148 4112; x_wconf 84' lang='lat' dir='ltr'><strong>ad</strong></span> <span class='ocrx_word' id='word_1_304' title='bbox 1160 4059 1265 4127; x_wconf 85' lang='lat' dir='ltr'><strong>ipsum.</strong></span> 
     </span>
     <span class='ocr_line' id='line_1_35' title="bbox 131 4137 1026 4212; baseline 0.006 -17"><span class='ocrx_word' id='word_1_305' title='bbox 131 4141 206 4197; x_wconf 90' lang='lat' dir='ltr'><strong>hunc</strong></span> <span class='ocrx_word' id='word_1_306' title='bbox 223 4143 267 4196; x_wconf 91' lang='lat' dir='ltr'><strong>tit.</strong></span> <span class='ocrx_word' id='word_1_307' title='bbox 285 4137 400 4198; x_wconf 88' lang='lat' dir='ltr'><strong>adiecta.</strong></span> <span class='ocrx_word' id='word_1_308' title='bbox 630 4205 633 4211; x_wconf 19' lang='grc' dir='ltr'><strong>Δ</strong></span> <span class='ocrx_word' id='word_1_309' title='bbox 1022 4206 1026 4212; x_wconf 55' lang='grc'><strong>,</strong></span> 
     </span>
    </p>

    <p class='ocr_par' dir='ltr' id='par_1_11' title="bbox 131 4227 1254 4382">
     <span class='ocr_line' id='line_1_36' title="bbox 218 4227 1254 4301; baseline 0.003 -20"><span class='ocrx_word' id='word_1_310' title='bbox 218 4231 240 4294; x_wconf 78' lang='lat'><strong>²)</strong></span> <span class='ocrx_word' id='word_1_311' title='bbox 258 4228 290 4281; x_wconf 93' lang='lat' dir='ltr'><strong>In</strong></span> <span class='ocrx_word' id='word_1_312' title='bbox 309 4229 351 4282; x_wconf 92' lang='lat' dir='ltr'><strong>tit.</strong></span> <span class='ocrx_word' id='word_1_313' title='bbox 365 4227 409 4283; x_wconf 89' lang='lat' dir='ltr'><strong>Or.</strong></span> <span class='ocrx_word' id='word_1_314' title='bbox 429 4233 508 4283; x_wconf 81' lang='lat'><strong>3916:</strong></span> <span class='ocrx_word' id='word_1_315' title='bbox 528 4272 533 4283; x_wconf 93' lang='lat'><strong>.</strong></span> <span class='ocrx_word' id='word_1_316' title='bbox 548 4271 554 4283; x_wconf 94' lang='lat'><strong>.</strong></span> <span class='ocrx_word' id='word_1_317' title='bbox 574 4230 606 4285; x_wconf 89' lang='lat' dir='ltr'><strong>P.</strong></span> <span class='ocrx_word' id='word_1_318' title='bbox 621 4228 732 4285; x_wconf 74' lang='lat' dir='ltr'><strong>Obiciat</strong></span> <span class='ocrx_word' id='word_1_319' title='bbox 748 4228 907 4284; x_wconf 80' lang='lat' dir='ltr'><strong>Veleiatium</strong></span> <span class='ocrx_word' id='word_1_320' title='bbox 921 4229 964 4284; x_wconf 82' lang='lat' dir='ltr'><strong>lib.</strong></span> <span class='ocrx_word' id='word_1_321' title='bbox 978 4228 1043 4284; x_wconf 83' lang='lat' dir='ltr'><strong>Seu.</strong></span> <span class='ocrx_word' id='word_1_322' title='bbox 1057 4230 1126 4301; x_wconf 71' lang='lat' dir='ltr'><strong>Aop.</strong></span> <span class='ocrx_word' id='word_1_323' title='bbox 1140 4228 1254 4284; x_wconf 82' lang='grc' dir='ltr'><em>ΙΙΙΙΙΙ</em></span> 
     </span>
     <span class='ocr_line' id='line_1_37' title="bbox 131 4313 786 4382; baseline 0.002 -15"><span class='ocrx_word' id='word_1_324' title='bbox 131 4314 173 4368; x_wconf 82' lang='lat' dir='ltr'><strong>vir</strong></span> <span class='ocrx_word' id='word_1_325' title='bbox 191 4353 215 4367; x_wconf 84' lang='lat'><strong>..</strong></span> <span class='ocrx_word' id='word_1_326' title='bbox 234 4313 356 4381; x_wconf 85' lang='lat' dir='ltr'><strong>Sen(ior)</strong></span> <span class='ocrx_word' id='word_1_327' title='bbox 375 4329 527 4382; x_wconf 81' lang='lat' dir='ltr'><strong>cognomen</strong></span> <span class='ocrx_word' id='word_1_328' title='bbox 547 4321 598 4369; x_wconf 89' lang='lat' dir='ltr'><strong>est.</strong></span> <span class='ocrx_word' id='word_1_329' title='bbox 783 4323 786 4330; x_wconf 87' lang='lat'>&#39;</span> 
     </span>
    </p>

    <p class='ocr_par' dir='ltr' id='par_1_12' title="bbox 216 4398 916 4470">
     <span class='ocr_line' id='line_1_38' title="bbox 216 4398 916 4470; baseline 0 -17"><span class='ocrx_word' id='word_1_330' title='bbox 216 4401 238 4464; x_wconf 82' lang='lat'><strong>³)</strong></span> <span class='ocrx_word' id='word_1_331' title='bbox 256 4398 290 4453; x_wconf 89' lang='lat' dir='ltr'><strong>cf.</strong></span> <span class='ocrx_word' id='word_1_332' title='bbox 309 4398 401 4453; x_wconf 90' lang='lat' dir='ltr'><strong>Or.-H.</strong></span> <span class='ocrx_word' id='word_1_333' title='bbox 419 4399 578 4470; x_wconf 71' lang='grc'>1116266.</span> <span class='ocrx_word' id='word_1_334' title='bbox 596 4401 705 4469; x_wconf 89' lang='lat' dir='ltr'><strong>Zumpt.</strong></span> <span class='ocrx_word' id='word_1_335' title='bbox 718 4417 745 4468; x_wconf 89' lang='lat' dir='ltr'><strong>p.</strong></span> <span class='ocrx_word' id='word_1_336' title='bbox 759 4403 791 4452; x_wconf 85' lang='grc'><strong>34</strong></span> <span class='ocrx_word' id='word_1_337' title='bbox 809 4400 873 4454; x_wconf 87' lang='grc'>666.</span> <span class='ocrx_word' id='word_1_338' title='bbox 893 4403 916 4453; x_wconf 83' lang='lat'><strong>2.</strong></span> 
     </span>
    </p>

    <p class='ocr_par' dir='ltr' id='par_1_13' title="bbox 215 4483 1054 4554">
     <span class='ocr_line' id='line_1_39' title="bbox 215 4483 1054 4554; baseline 0 -16"><span class='ocrx_word' id='word_1_339' title='bbox 215 4487 237 4550; x_wconf 68' lang='grc' dir='ltr'><strong>ι)</strong></span> <span class='ocrx_word' id='word_1_340' title='bbox 254 4483 338 4538; x_wconf 90' lang='lat' dir='ltr'><strong>indic.</strong></span> <span class='ocrx_word' id='word_1_341' title='bbox 357 4501 383 4553; x_wconf 93' lang='lat' dir='ltr'><strong>p.</strong></span> <span class='ocrx_word' id='word_1_342' title='bbox 397 4489 455 4540; x_wconf 87' lang='grc'>383.</span> <span class='ocrx_word' id='word_1_343' title='bbox 626 4488 648 4554; x_wconf 82' lang='lat'><strong>⁸)</strong></span> <span class='ocrx_word' id='word_1_344' title='bbox 666 4484 700 4540; x_wconf 82' lang='lat' dir='ltr'><strong>ci.</strong></span> <span class='ocrx_word' id='word_1_345' title='bbox 719 4485 810 4540; x_wconf 91' lang='lat' dir='ltr'><strong>Wilm.</strong></span> <span class='ocrx_word' id='word_1_346' title='bbox 828 4484 864 4554; x_wconf 88' lang='lat' dir='ltr'><strong>H,</strong></span> <span class='ocrx_word' id='word_1_347' title='bbox 882 4501 909 4554; x_wconf 90' lang='lat' dir='ltr'><strong>p.</strong></span> <span class='ocrx_word' id='word_1_348' title='bbox 922 4489 980 4540; x_wconf 84' lang='grc'>637.</span> <span class='ocrx_word' id='word_1_349' title='bbox 997 4485 1054 4539; x_wconf 87' lang='lat' dir='ltr'><strong>iud.</strong></span> 
     </span>
    </p>
   </div>
   <div class='ocr_carea' id='block_1_11' title="bbox 0 0 1576 5138">
    <p class='ocr_par' dir='ltr' id='par_1_14' title="bbox 0 0 1576 5138">
     <span class='ocr_line' id='line_1_40' title="bbox 0 0 1576 5138; baseline 0 0"><span class='ocrx_word' id='word_1_350' title='bbox 0 0 1576 5138; x_wconf 95' lang='lat' dir='ltr'><strong> </strong></span> 
     </span>
    </p>
   </div>
  </div>
 </body>
</html>
