3180 5370
230 1246 318 1294 Funus
336 1245 392 1293 Au·

222 1313 392 1388 gustalicium.

407 551 449 616 so

407 727 461 787 dos
483 730 646 804 spectasse.
689 727 803 787 Eodem
826 725 952 786 fortasse
975 729 1092 803 spectat
1112 726 1267 785 Boissevio
1283 731 1406 786 auctore
1427 725 1534 785 titulus

407 830 437 888 in
452 829 546 888 ruinis
562 829 770 907 amphitheatri
786 828 1001 904 Lugdunensis
1021 832 1160 906 repertus
1174 829 1259 904 isque
1275 829 1408 887 maximis
1423 829 1534 888 litteris

407 932 603 1008 compositus:
635 930 680 989 VI
694 931 755 990 uiri
776 929 958 1004 Xupuslales
968 927 1001 1002 ¹).
1052 929 1172 990 Scilicet
1195 930 1336 1006 opinatur
1358 930 1534 991 Boissevius
1576 995 1581 1001 ,

407 1033 517 1094 indicio
549 1034 606 1093 loci
642 1033 859 1110 Augustalibus
895 1034 926 1092 in
962 1033 1181 1109 amphitheatro
1218 1033 1368 1108 adsignati
1403 1033 1534 1093 fortasse

408 1155 475 1197 eum
498 1132 633 1208 fuisse²).
1499 1119 1503 1124 ¹

495 1239 633 1315 Denique
655 1239 779 1297 mortuis
802 1236 893 1297 funus
916 1238 1034 1315 insigne
1057 1237 1219 1314 contigisse
1240 1238 1377 1313 sequitur
1392 1256 1429 1297 ex
1444 1237 1533 1297 titulo

411 1341 591 1402 Brundisino
613 1342 636 1400 Ι.
650 1343 689 1401 N.
703 1343 775 1418 464,
798 1359 887 1417 quem
909 1341 967 1399 iarn
989 1341 1109 1418 saepius
1132 1340 1225 1416 attigi.
1268 1340 1368 1416 Atque
1388 1340 1534 1418 imprimis

409 1445 529 1522 quidem
551 1444 672 1504 indutos
692 1447 849 1520 praetexta
871 1445 943 1520 quin
966 1445 1081 1503 sevinus
1104 1446 1211 1504 efferre
1227 1444 1412 1505 consuetudo
1433 1444 1534 1522 fuerit,

410 1566 470 1608 non
493 1551 539 1607 est
560 1547 691 1606 dubium.
734 1547 812 1606 Nam
835 1547 923 1605 ctiam
947 1547 1139 1621 magistratus
1162 1548 1192 1606 in
1208 1548 1334 1607 coloniis
1351 1546 1532 1625 municipiis·

409 1668 468 1726 qne
490 1668 557 1709 cum
580 1651 736 1724 praetexte
757 1649 882 1708 cremari
905 1649 1009 1707 Livius
1031 1646 1160 1721 tr·adit.³)
1205 1649 1409 1710 Contrarium
1433 1649 1533 1710 fasces

409 1752 543 1828 perversi
559 1752 771 1811 consueverint
786 1751 929 1827 exequias
943 1751 1135 1828 praecedere,
1149 1752 1297 1812 incertum
1313 1749 1398 1824 esu).
1424 1753 1533 1812 Paucis

409 1856 513 1931 eisque
529 1854 722 1914 meritissimis
744 1857 897 1930 tamquam
912 1854 1095 1931 singularem
1112 1855 1255 1915 honorem
1270 1854 1362 1914 funus
1377 1855 1533 1932 publicum

409 1956 587 2017 decuriones
610 1956 820 2016 decernebant.
864 1956 957 2016 (iuius
979 1957 1023 2016 rei
1046 1959 1138 2016 testes
1165 1961 1236 2017 sunt
1260 1959 1340 2017 tituli
1361 1959 1382 2017 1.
1397 1959 1435 2018 N.
1457 1961 1534 2018 463:

411 2059 464 2118 llis
484 2059 567 2118 Mau.
591 2060 626 2116 P.
642 2059 765 2118 Sestius
786 2059 949 2118 Successus
972 2061 1049 2133 Aua.
1070 2076 1097 2117 a.
1121 2075 1148 2118 a.
1172 2060 1296 2119 LXXX
1312 2061 1340 2118 a.
1364 2078 1389 2119 s.
1410 2058 1533 2133 flauas)

410 2153 533 2239 lloeum)
547 2153 753 2238 depulsuros)
763 2154 916 2239 p(udllae)
932 2153 1139 2239 alecurtoues)
1156 2153 1329 2240 diederual)
1346 2166 1375 2222 et
1386 2162 1533 2223 Ostiensis

409 2264 508 2324 Wilm.
542 2265 622 2323 1792
642 2255 708 2341 ·(=
734 2263 835 2324 On-H.
867 2260 978 2335 7011):
1022 2263 1049 2322 O.
1080 2265 1154 2324 Silla
1185 2265 1354 2339 Epaphras
1386 2266 1404 2323 l.
1435 2265 1534 2324 Felici

411 2366 525 2425 Maiori
546 2367 718 2439 Aupustall.
771 2366 859 2425 Huue
880 2359 1092 2447 dlecurioues)
1116 2360 1260 2446 s(uuere)
1282 2359 1434 2444 p(ulrlleo)
1458 2368 1534 2441 effe-

408 2469 540 2528 ruadum
576 2463 793 2545 ceuslueruat).
858 2470 959 2531 Nerua
992 2472 1076 2541 filius
1113 2470 1226 2529 honore
1261 2485 1336 2532 usus¹
1368 2470 1533 2543 impensam

408 2571 531 2633 remisit.
1559 2571 1563 2580 '

935 2820 951 2889 ξ
970 2823 1010 2874 22.

428 2925 504 2994 Quos
522 2921 646 2978 donares
665 2922 781 2996 siupulls
800 2922 900 2977 scotris
918 2924 986 2994 Aua.
1007 2922 1173 2978 decuriones
1192 2922 1344 2979 decernere
1362 2923 1436 2978 soliti
1452 2924 1516 2976 siat.

494 3037 540 3096 Ita
561 3035 645 3095 finita
668 3036 857 3095 enarratione
880 3033 1044 3113 honorum,
1074 3036 1127 3111 qui
1157 3036 1271 3094 cunctis
1298 3034 1403 3094 seviris
1431 3034 1533 3110 Augu·

305 3167 309 3174 ·
409 3123 532 3197 stalibus
556 3142 642 3197 erant
664 3155 850 3214 communes,
879 3136 938 3195 iam
960 3139 1080 3196 transeo
1103 3137 1141 3196 ad
1165 3155 1216 3197 eos
1239 3136 1455 3214 recensendos,
1482 3139 1534 3213 qui

274 3661 347 3709 Sevir

222 3728 394 3808 (Augustalis)

256 3813 361 3862 prrrnus.

409 3240 534 3316 singulis
550 3259 568 3299 a
583 3238 796 3300 decurionibus
811 3240 932 3316 saepius
955 3241 1090 3299 rariusve
1113 3241 1251 3300 solebant
1274 3240 1404 3301 decerni.
1449 3240 1534 3314 Quos

410 3341 467 3402 hoc
490 3341 611 3418 quidem
633 3342 700 3401 loco
723 3360 784 3401 non
807 3360 908 3401 omnes
930 3343 1106 3419 perlustrari
1130 3343 1201 3402 mihi
1223 3343 1383 3421 proposui,
1406 3343 1458 3402 sed
1482 3361 1534 3402 eos

409 3447 534 3520 tantum,
556 3462 683 3519 quorum
706 3444 886 3505 decuriones
908 3444 972 3504 fere
995 3463 1055 3504 non
1078 3443 1190 3505 inerint
1211 3446 1382 3522 participes.
1425 3445 1534 3524 Itaque

408 3548 537 3625 primum
560 3566 646 3623 agam
669 3547 706 3606 de
729 3548 848 3607 nomine

495 3650 673 3724 Augustalis
696 3667 750 3712 seu
772 3651 864 3709 seuirr'
879 3648 1057 3724 Augustalis
1075 3651 1180 3724 primi,
1204 3630 1285 3728 quod
1308 3650 1458 3712 interdum
1480 3643 1533 3712 ali-

497 3935 517 3999 ¹)
534 3949 561 4001 p.
574 3936 631 3986 468.

495 4020 518 4083 ²)
534 4016 603 4071 ibid.
621 4034 649 4086 p.
661 4021 723 4072 469:
744 4016 843 4072 C'e'tar't
866 4033 903 4072 ou
927 4016 1097 4072 l’iacliaatlou
1120 4017 1155 4072 de
1179 4017 1207 4073 la
1221 4017 1305 4089 place
1329 4021 1451 4089 occupe'e
1468 4022 1486 4074 ὰ
1504 4021 1533 4076 la

409 4101 575 4158 aaumaelu'e
593 4118 652 4173 par
676 4102 718 4157 les
739 4103 829 4158 sevire
852 4102 1031 4174 aupuslales,
1055 4120 1091 4158 ou
1114 4103 1140 4158 le
1164 4105 1336 4175 le'moiquape
1359 4103 1395 4158 de
1412 4105 1533 4175 quelque

407 4187 573 4258 sandalias,
592 4187 628 4242 rle
646 4187 764 4258 quelque
782 4188 911 4260 lorpesse
925 4188 1003 4258 falle
1016 4206 1075 4260 par
1094 4205 1152 4244 eux
1170 4191 1188 4243 ὰ
1206 4194 1248 4244 cel
1266 4188 1476 4260 amphitheatra

496 4275 518 4341 ³)
535 4274 583 4328 lib.
596 4278 637 4342 34,
651 4277 674 4342 7,
688 4277 712 4326 2.
725 4272 760 4328 ci.
773 4274 932 4328 Mommsen.
945 4272 1044 4329 Stator.
1057 4275 1078 4343 1,
1091 4279 1141 4329 424
1152 4291 1173 4328 s.
1192 4306 1226 4313 —
1244 4272 1286 4330 cf.
1300 4275 1382 4329 etiam
1395 4274 1533 4330 addenda.

494 4362 517 4423 ⁴)
535 4357 571 4412 cf.
595 4359 662 4413 Tac.
679 4374 742 4413 ann.
766 4363 790 4428 3,
814 4363 841 4413 2:
865 4361 905 4426 (in
929 4361 1055 4429 exequiis
1084 4361 1251 4427 Germanici)
1273 4360 1534 4431 praecedebant
1562 4370 1574 4396 ·

408 4442 582 4510 (Mommsen.
606 4441 704 4499 Statsr.
722 4443 744 4512 1,
763 4448 826 4499 358:
849 4443 981 4508 „linter
999 4445 1051 4501 der·
1068 4447 1165 4512 bare“)
1183 4448 1322 4518 incompta
1341 4446 1430 4517 siqua,
1458 4449 1535 4502 uersi

407 4529 507 4598 fasces
525 4567 531 4582 .
549 4568 556 4581 .
576 4528 611 4583 cf.
630 4529 753 4583 Momms.
771 4531 788 4584 l.
802 4530 819 4583 l.
838 4547 865 4599 p.
879 4533 936 4584 425.
