3180 5370
1121 394 1180 458 lue

60 565 153 641 nales,
175 569 343 640 amatorem
370 566 389 627 i.
412 585 437 625 e
459 584 526 627 oum
554 584 592 626 ex
618 565 727 628 annuis
749 565 955 644 Augustorum
978 566 1181 628 moerdotibus
1233 544 1239 550 ⁸

58 665 229 744 frequentia
258 667 466 743 Augustalium
499 669 628 745 eollegie
657 673 829 744 evaserant,
869 687 948 746 quae
977 688 1044 729 eum
1073 670 1180 729 ueteris

57 769 149 833 rebus
178 774 241 832 tum
271 771 420 831 bonorum*
451 771 642 848 possessione
674 777 704 832 et
734 790 822 832 areae
850 773 1015 832 eommunis
1044 772 1180 832 instituto

57 873 244 948 reliquorum
268 875 463 951 eollegiorum
486 875 611 935 formam
632 875 828 938 imitarentur.
870 875 1030 936 Enimvero
1053 876 1110 935 hae
1132 892 1180 934 res

56 974 268 1053 Augustalium
296 977 431 1037 internae
454 977 602 1052 quomodo
625 995 657 1037 se
679 978 841 1053 haberent,
871 978 1072 1054 reipublicae
1094 975 1180 1054 parui

56 1078 215 1155 intererat,
246 1079 333 1139 ouius
354 1096 428 1139 eura
448 1080 478 1138 in
501 1080 608 1140 sevinis
630 1081 738 1141 annuis
760 1078 900 1140 ornandis
923 1080 986 1140 sere
1007 1083 1126 1158 poterat
1148 1099 1180 1141 se

57 1181 224 1243 eontineue.
267 1181 334 1254 Qua
356 1181 394 1241 de
416 1199 525 1242 caussa
546 1183 612 1242 istis
633 1180 814 1242 desiderium
829 1185 965 1243 oreretur
980 1201 1102 1243 neeesse
1125 1183 1180 1243 fuit

57 1282 189 1345 uirorum
212 1284 379 1360 potentium
400 1286 491 1359 atque
505 1272 741 1362 opulentorum,
771 1285 949 1362 quinorum
971 1285 1059 1345 uetus
1081 1287 1179 1362 provi-

57 1385 164 1446 derent
185 1404 241 1446 neu
263 1404 324 1445 non
347 1386 548 1467 subvenirent,
570 1388 694 1465 quando
711 1405 787 1464 opus
803 1393 890 1448 esset.
926 1389 1034 1464 ltaque
1048 1389 1178 1448 sevirum

56 1488 192 1566 petroni,
218 1507 344 1564 qnorum
374 1489 516 1549 memoria
546 1494 667 1550 servata
696 1493 757 1567 est,
789 1491 945 1550 maximam
974 1493 1090 1566 partem
1119 1509 1179 1550 non

56 1595 117 1651 tam
140 1591 294 1651 nobilitate
315 1609 405 1668 quam
428 1610 517 1669 opum
535 1592 716 1652 abundantia
731 1591 874 1653 videntur
888 1593 1055 1653 eminuisse.
1092 1592 1180 1653 Oerte

57 1694 226 1770 complures
256 1695 305 1753 vel
335 1688 455 1754 nomine
484 1696 704 1755 convineuntur
734 1695 918 1754 condicionis
947 1694 1103 1754 libertinae
1127 1697 1179 1755 uel

57 1797 114 1874 ipsi
137 1796 251 1859 ordinis
272 1797 483 1874 Augustalium
506 1799 578 1858 sooii
600 1794 708 1870 sunt¹)
759 1800 854 1857 Porro
882 1797 1180 1858 animadvertendum

57 1904 104 1959 est
131 1899 221 1959 etiam
251 1903 392 1978 patronas
426 1901 556 1961 sevirum
592 1897 764 1972 inveniri.²)
820 1901 874 1961 His
900 1905 1008 1961 ,autem
1043 1901 1180 1961 omnibns

56 2003 189 2079 ipsorum
217 2003 349 2063 sevirum
379 2001 500 2064 desueto
523 2006 712 2080 patronatum
741 2003 875 2064 oblatum
897 2020 963 2065 ense
985 2006 1180 2064 consentane-

56 2123 107 2165 um
129 2107 183 2165 est

474 2252 477 2256 ¹
579 2304 654 2369 524.

190 2400 237 2467 ,na
255 2403 450 2476 Augustalium
467 2421 583 2460 numero
603 2410 629 2459 et
647 2421 795 2476 quousque
810 2405 966 2476 propagati
981 2405 1043 2459 sint.

144 2516 308 2576 Numerum
331 2516 542 2592 Augustalium
574 2534 634 2575 non
665 2533 756 2593 posse
788 2517 877 2576 sertis
907 2515 1016 2575 finibus
1055 2513 1179 2575 niueum·
1249 2512 1253 2522 '

59 2619 202 2694 seriptum
230 2617 322 2679 fuisse
348 2636 442 2694 supra
464 2618 597 2694 exposui.
641 2617 737 2691 Quam
771 2617 809 2677 ob
839 2636 901 2678 rem
933 2622 1063 2694 quantus
1090 2616 1181 2677 fuerit

59 2721 188 2797 singulis
226 2722 257 2781 in
297 2720 415 2798 oppidis
422 2764 430 2797 ,
467 2721 523 2780 etsi
551 2721 722 2780 aoouratius
754 2719 811 2779 diei
848 2720 966 2797 nequit,
1008 2723 1108 2779 tamen
1141 2737 1179 2778 ex

24 2881 33 2891 ,
60 2822 267 2901 magnitudine
296 2841 477 2891 summanum
506 2823 537 2881 in
568 2822 675 2899 legatis
703 2821 742 2881 ali
769 2821 930 2883 divisiones
958 2823 1180 2883 anniversarias

58 2926 285 3002 adsignaturum
313 2925 441 3002 quodam
473 2925 561 2985 modo
584 2926 758 2985 coniectura
780 2925 901 3001 assequi
922 2925 1001 2985 lieet.
1043 2925 1180 3001 Exempli

59 3029 157 3106 gratia
184 3028 265 3105 quod
287 3029 318 3088 in
341 3029 384 3089 tit
407 3028 491 3088 Grut.
513 3031 585 3105 439,
609 3030 627 3087 2
650 3026 756 3087 seuiris
779 3026 994 3102 Augustalibus
1010 3027 1179 3087 Aletrinati-

59 3133 117 3192 bus
138 3132 279 3207 lagantnr
300 3129 354 3189 HS
369 3125 504 3203 CCIOO,
533 3130 641 3203 quoius
670 3145 711 3188 ex
731 3130 833 3189 redita
862 3129 1031 3201 quodannis
1068 3128 1110 3188 V]
1129 3129 1178 3188 Id.
1272 3122 1278 3132 ’

59 3231 149 3293 Febr.
165 3237 334 3309 uesanntur,
356 3232 446 3293 huius
467 3250 600 3293 summae
623 3249 733 3292 usurae
756 3232 904 3308 semisses,
926 3235 958 3291 ut
973 3249 1050 3308 quae
1066 3230 1180 3293 fuerint

62 3336 282 3413 usitatissimae,
305 3334 439 3396 efficiunt
459 3335 490 3395 in
513 3353 623 3395 annum
638 3334 688 3394 Hs
705 3336 775 3394 600.
818 3335 881 3394 lam
904 3332 951 3395 iao
973 3334 1101 3410 amplius
1123 3335 1178 3393 oin-

62 3440 137 3499 oiten
158 3438 243 3498 binos
265 3438 373 3515 suique
397 3437 538 3499 denarios
559 3438 590 3497 in
612 3435 759 3496 divisione
775 3434 863 3496 datos
878 3453 952 3496 esse
994 3436 1077 3495 Haeo
1101 3437 1179 3495 enim

58 3559 189 3618 summa,
218 3541 268 3600 ubi
297 3541 404 3601 seviris
427 3558 519 3600 cenae
543 3539 657 3600 divisae
680 3556 747 3599 esse
769 3538 929 3616 dicuutur,
959 3539 1089 3598 omnium
1116 3557 1179 3600 sae

59 3643 178 3720 pissime
201 3644 291 3703 obvia
312 3646 365 3703 est.
373 3639 398 3717 ³)
442 3643 519 3703 Tum
549 3644 574 3701 si
595 3642 635 3702 ad
659 3642 792 3703 oaleulos
823 3659 886 3701 rem
915 3641 1087 3718 vocaveris,
1117 3640 1180 3700 fere

60 3747 192 3823 quinque
217 3750 247 3805 et
268 3745 462 3822 septuaginta
483 3746 572 3806 soniis
588 3744 698 3804 Aletrii
720 3743 932 3820 Augustalium
955 3742 1091 3803 ordinem
1113 3759 1180 3802 con-

59 3849 170 3910 stitisse
201 3849 345 3909 invenies.
387 3848 481 3924 Atqui
513 3846 713 3923 profitendum
737 3851 800 3922 est,
828 3845 918 3905 faeile
947 3847 1035 3905 etiam
1066 3844 1116 3905 uel
1138 3843 1181 3902 di·

59 3951 149 4011 midio
171 3950 222 4011 vel
242 3950 337 4029 altono
360 3953 444 4010 tanto
476 3952 616 4010 maiorem
644 3967 748 4010 eorum
779 3965 938 4009 numerum
969 3946 1061 4008 inisse
1083 3963 1183 4023 posse,

60 4121 262 4131 -—--—--..—

149 4201 168 4263 1)
187 4197 222 4252 of.
240 4213 267 4251 n.
281 4199 304 4251 2.
322 4203 389 4254 as.
408 4202 431 4252 n.
453 4201 490 4251 ι2.
661 4199 684 4263 ²)
701 4211 729 4249 n.
750 4202 789 4250 13.
810 4199 848 4249 14.

145 4285 169 4352 ⁸)
183 4282 220 4352 11,
240 4284 313 4339 mue
338 4285 431 4339 wilm.
450 4288 507 4337 aon.
525 4288 595 4338 esua
608 4288 631 4324 a
644 4285 670 4335 s.
691 4285 765 4337 unse.
785 4280 830 4335 or.
848 4281 923 4334 nona.
947 4279 968 4334 1.
980 4278 1013 4333 n.
1032 4281 1089 4332 222.
1108 4280 1184 4343 asan,

60 4373 135 4425 5166.
146 4369 254 4422 Patron.
273 4385 316 4438 ep.
330 4375 370 4425 ut.
390 4367 424 4423 of.
444 4367 525 4423 etium
536 4368 606 4423 Plin.
625 4383 668 4437 ep.
679 4365 786 4435 Xfllu.
804 4365 847 4419 ed.
855 4364 928 4419 Keil.
940 4371 969 4420 et
977 4366 1087 4419 Petron.
1097 4367 1184 4431 opas.
