3142 5138
323 368 342 428 2

322 539 482 598 Enimvero
512 538 624 613 primus
658 537 795 611 Eggerus
823 537 852 594 in
884 536 1050 613 appendice
1085 536 1153 594 libri
1183 535 1220 595 de
1249 537 1448 613 scriptoribus

297 628 302 636 ’
323 659 421 700 rerum
443 640 481 698 ab
503 639 641 714 Augusto
663 642 814 713 gestarum
837 639 992 713 compositi
1001 630 1026 715 ¹)
1049 638 1086 697 de
1109 638 1324 713 Augustalibus
1347 639 1447 715 dispu-

322 744 399 804 tavit
413 761 448 802 ac
464 760 536 801 sane
553 740 698 801 nonnulla
711 740 789 799 bene
805 741 983 799 enucleavit.
1018 740 1133 800 Deinde
1148 741 1183 799 A.
1200 743 1245 799 W.
1261 736 1447 818 Zumptius²i

323 847 410 923 quasi
431 845 469 904 de
490 845 609 920 integro
633 843 838 919 quaestionem
860 843 987 902 instituit
1009 846 1039 902 et
1052 842 1206 902 titulorum
1228 843 1315 921 copia
1328 844 1448 920 plenius

322 948 454 1008 adhibita
486 950 577 1023 atque
611 945 757 1005 exhausta
788 948 819 1004 ct
856 946 885 1003 in
921 945 1013 1004 rebus
1050 946 1232 1022 gravissimis
1270 946 1448 1005 adversatus

323 1053 452 1128 Eggero.
496 1049 552 1109 Oui
575 1048 618 1106 sio
642 1045 831 1106 occasionem
848 1045 930 1105 dedit
949 1047 993 1106 rei
1009 1047 1229 1123 retractandae,
1251 1065 1312 1124 qua
1331 1047 1373 1107 ita
1394 1047 1448 1106 ille

322 1152 442 1231 quidem
459 1168 531 1211 usus
546 1156 601 1225 est,
622 1155 656 1209 ιιι
671 1148 834 1208 adversarii
851 1149 1014 1208 sententiae
1031 1149 1112 1209 haud
1127 1168 1224 1227 pauca
1239 1156 1325 1210 acute
1349 1166 1448 1226 neque

321 1254 445 1331 illepide
468 1255 650 1330 opponeret,
681 1269 765 1310 suam
794 1247 965 1323 firmaret³)
1009 1253 1086 1311 Tum
1109 1252 1266 1329 utriusque
1289 1270 1447 1311 censuram

322 1359 383 1434 egit
405 1354 618 1432 blarquardtus
647 1355 678 1412 in
708 1353 798 1413 rebus
827 1355 1027 1414 controversis
1054 1355 1173 1431 Eggero
1195 1355 1374 1432 plerumque
1396 1354 1448 1413 ad·

322 1459 472 1536 stipulans
514 1457 659 1532 novisque
704 1455 888 1531 argumentis
931 1453 1139 1532 suffragans.⁴)
1214 1457 1371 1517 Postremo
1418 1457 1448 1515 in

323 1578 443 1621 arenam
476 1559 587 1636 prodiit
620 1559 783 1617 Henacnus
818 1574 897 1616 nova
923 1558 1061 1633 gravium
1094 1558 1331 1618 testimoniorum
1362 1559 1450 1635 copia

316 1628 531 1741 ιιιιιιιιιοιιιοὸ).
583 1660 642 1734 Qui
674 1659 809 1737 quamvis
838 1661 867 1749 in
898 1659 1050 1735 plerisque
1080 1660 1206 1737 Zumptii
1236 1661 1331 1737 magis
1358 1679 1449 1737 quam

322 1765 433 1841 liggeri
462 1766 493 1825 et
525 1761 711 1838 Marquardti
742 1762 877 1838 partibus
907 1779 939 1820 se
969 1761 1166 1840 adgregarat,
1204 1766 1303 1822 tamen
1334 1764 1385 1823 via
1412 1781 1449 1822 ac

322 1868 438 1927 ratione
468 1864 641 1942 inquirendi
671 1895 712 1902 -
744 1863 810 1925 dico
833 1865 990 1941 regionum
1014 1882 1049 1923 sc
1077 1867 1249 1940 temporum·
1267 1865 1449 1927 diversitatis

323 1969 483 2045 diligenter·
504 1968 619 2028 ratione
642 1967 742 2025 habita
757 1997 799 2005 -
813 1985 913 2043 neque
928 1968 1028 2026 minus
1048 1967 1295 2026 documentorum
1311 1967 1450 2028 ubertate

322 2073 438 2149 priores
460 2069 537 2130 adeo
559 2070 720 2147 superavit,
743 2075 776 2128 ut
797 2070 879 2145 ipsos
899 2068 1089 2129 adversarios
1111 2069 1142 2128 in
1166 2087 1250 2129 suam
1270 2070 1448 2130 sententiam

322 2169 589 2250 perduceretitot
559 2172 845 2231 econtroversiam
868 2171 907 2231 ad
929 2175 1047 2248 tempus
1070 2176 1269 2246 componeret

141 2264 308 2328 Quaestione
410 2276 519 2352 Neque
545 2274 680 2334 tamen
671 2292 729 2332 ram
758 2248 975 2333 conclamatum
998 2277 1043 2333 est
1067 2274 1104 2333 de
1126 2275 1367 2353 Augustalium,
1393 2276 1450 2335 etsi

129 2333 310 2465 κζῐζζῗῗὲἒθ
326 2382 477 2437 certamen
496 2376 569 2437 inde
591 2376 628 2434 ab
651 2394 686 2436 co
709 2379 843 2453 tempore
864 2375 928 2436 iere
943 2377 1080 2436 cessavit.
1060 2377 1221 2436 tEtiam
1236 2378 1448 2453 Marquardtus
1481 2366 1484 2371 ¹
1546 2430 1549 2435 .

323 2499 390 2541 cum
413 2481 441 2538 in
459 2479 633 2539 universum
648 2479 920 2538 accommodaverit
934 2497 1018 2538 suam
1033 2480 1210 2540 sententium
1225 2480 1447 2555 Henzeniamo,
1484 2492 1487 2497 ·

321 2587 421 2641 tamen
451 2582 588 2641 declarat
575 2581 855 2656 toompluribus'
847 2600 877 2639 m
908 2581 981 2640 locis
1005 2582 1218 2657 quaestionem
1248 2581 1380 2641 nondum
1407 2582 1447 2641 sd
1538 2658 1544 2665 1

322 2684 410 2743 finem
439 2682 617 2761 perductam
648 2700 724 2743 esse.
775 2683 901 2742 Accedit
936 2682 1015 2759 quod
1030 2738 1033 2742 .
1046 2685 1160 2749 interea
1197 2684 1356 2747 titulorum.
1382 2686 1448 2749 ,hue
1529 2727 1537 2759 ,-

321 2787 536 2863 pertinentium
566 2766 658 2846 moles
680 2803 741 2845 non
764 2786 862 2845 solum
885 2787 1042 2861 succrevit,
1074 2785 1293 2864 sedimprimis
1315 2788 1461 2871 corporis
1503 2800 1506 2804 ·

215 2954 218 2959 ,
321 2889 549 2965 inscriptionum
588 2890 760 2949 Latinarum
802 2894 916 2964 septem
949 2888 1149 2947 voluminibus
1190 2889 1276 2947 editis
1310 2907 1447 2965 magnam

322 2997 441 3067 partem
463 2991 580 3067 digesta
603 2995 633 3051 st
654 2992 683 3051 in
707 2991 840 3051 ordinem
863 2989 987 3050 redacta
1001 2994 1093 3066 atquc
1108 2984 1283 3051 falsatorem
1298 2993 1448 3067 spurcitiis

322 3097 451 3169 purgata
492 3093 530 3152 ad
573 3111 680 3152 novam
723 3094 944 3153 contentionem
985 3097 1016 3152 et
1051 3093 1132 3169 ipsa
1153 3092 1272 3152 videtur
1308 3094 1476 3154 excitare.-
1557 3154 1563 3161 ,

323 3195 461 3256 Ceterum
494 3197 582 3255 etiam
614 3196 775 3255 Henaenus
796 3196 1019 3272 pronuntiavit,
1050 3194 1075 3253 si
1096 3194 1281 3255 documentis
1302 3197 1365 3256 suis
1379 3215 1447 3257 non

323 3279 469 3375 potuisset
510 3297 688 3358 adversariis
731 3297 929 3375 persuadere,
974 3297 1176 3373 exoptandum
1220 3314 1301 3375 esse,
1344 3302 1377 3358 ut
1420 3300 1448 3358 ei

323 3400 522 3462 dubitationes
559 3419 629 3460 suas
668 3418 774 3461 rursus
810 3402 970 3478 aperirent.
1032 3401 1108 3459 Nam
1139 3392 1260 3459 'uncum
1303 3401 1447 3460 interesse

410 3566 431 3629 ⁴)
447 3561 625 3616 Recherches
638 3561 783 3615 nouvelles
798 3577 845 3615 sur
863 3560 997 3615 l'histoire
1015 3561 1065 3633 des
1077 3560 1252 3614 institutions
1265 3560 1448 3630 municipales

322 3647 389 3702 chen
408 3647 449 3701 les
468 3647 609 3700 Romains.
645 3649 699 3700 Les
724 3644 908 3713 Augustales.
928 3646 956 3698 in
975 3665 981 3698 :
1000 3648 1124 3699 Examen
1149 3646 1265 3713 critique
1289 3646 1340 3699 des
1363 3644 1448 3699 histo-

323 3733 399 3786 riens
416 3732 531 3786 enciens
551 3732 585 3785 de
604 3732 630 3784 la
642 3731 687 3784 vie
700 3737 729 3785 ct
740 3731 778 3784 du
791 3730 878 3799 regne
891 3729 1060 3799 d'Auguste.
1078 3731 1157 3784 Paris
1173 3734 1245 3784 1844.
1263 3747 1290 3798 p.
1304 3735 1447 3784 ast-411.

407 3821 431 3886 2)
448 3818 491 3872 De
504 3816 712 3885 Augustalibus
730 3824 759 3870 et
771 3816 871 3872 soviris
883 3813 1092 3885 Augustalibus
1104 3823 1251 3870 comment
1269 3814 1448 3884 epigraphica

323 3903 413 3958 Berol.
435 3908 508 3958 18411.

408 3991 431 4055 ³)
450 3988 602 4043 Nouvolles
621 3988 817 4042 observations
840 4003 886 4041 sur
904 3988 944 4041 les
962 3984 1178 4055 Augustaless
1169 4003 1199 4040 ιιι
1217 3957 1316 4041 Rcvue
1335 3985 1445 4041 archoo

323 4074 445 4142 legique
464 4073 553 4129 annes
570 4073 612 4129 Ill
630 4090 657 4142 p.
669 4078 760 4127 1135-
765 4077 806 4127 48.
826 4077 978 4127 ιιι-190.

407 4161 430 4223 ⁴)
452 4157 584 4213 Zeitscbr.
602 4156 621 4214 f.
640 4157 833 4212 Altertumsv.
855 4161 917 4210 1847
935 4173 980 4211 no.
1000 4162 1118 4212 ozi—os.

409 4247 431 4310 ⁵)
451 4243 587 4298 Zeitschr.
607 4243 624 4296 ι’.
644 4243 835 4296 Altertumsv.
856 4246 919 4296 1818
938 4258 965 4297 n
985 4246 1092 4296 ιιι-27
1112 4248 1141 4296 οι
1157 4259 1184 4296 n.
1202 4247 1321 4297 31-411.

407 4332 429 4394 ⁴⁵)
448 4335 526 4383 certe
545 4329 752 4397 Marquardtum
771 4328 811 4382 cti,
824 4332 864 4382 rii.
882 4327 1045 4383 Statsverva
1058 4332 1108 4381 513
1125 4329 1188 4382 adn.
1201 4333 1224 4382 2.
