3142 5138
133 679 325 756 repatiantur
355 684 430 757 quot
457 680 537 740 iuter
566 681 680 739 saviros
701 681 896 754 Aequumleo,
904 676 926 751 ¹)
954 679 1091 738 nimirum
1121 679 1172 738 ubi
1194 679 1255 739 duo

134 782 253 841 uomina
282 783 368 841 siurrd
398 784 428 841 iu
457 799 513 841 usu
544 787 622 841 suut
666 784 711 841 lta
732 782 873 840 Taurinis
895 785 959 840 tres
980 773 1031 858 (V,
1047 784 1139 842 7027.
1164 785 1255 842 7060.

135 886 242 960 7036),
270 885 436 944 Pollentiae
466 902 558 944 unum
587 882 636 956 (V,
668 881 772 960 7670),
802 885 963 959 Bagiennis
991 883 1067 942 dnos
1094 881 1144 960 (V,
1164 886 1256 944 7678.

135 983 230 1057 7722)
252 986 394 1046 habemus
422 989 539 1045 neutros
560 989 637 1059 Auo.
666 987 827 1061 ingenuos,
858 986 939 1046 Comi
961 1004 1066 1061 uuum,
1095 986 1147 1061 qui
1176 985 1254 1044 idem

134 1094 180 1148 eet
194 1088 317 1148 deonrio
331 1087 379 1165 (V,
396 1091 499 1158 5257).
527 1090 572 1147 Ex
595 1089 745 1148 contrario
768 1087 898 1147 libertini
920 1089 998 1146 inter
1012 1089 1129 1145 saviros
1143 1090 1254 1164 reperi·

134 1194 227 1249 untur
256 1209 353 1266 paene
384 1191 541 1250 innumeri.
593 1190 627 1250 ld
657 1208 777 1266 quoque
800 1190 847 1249 hie
869 1191 975 1248 afferre
996 1191 1092 1264 iuvat,
1121 1189 1202 1265 quod
1221 1191 1255 1248 in

134 1293 178 1352 tia
204 1294 239 1368 V,
262 1296 344 1353 6806
375 1293 408 1362 Q.
433 1294 558 1352 Petilius
582 1292 615 1363 Q.
642 1293 669 1366 f.
698 1292 881 1350 Saturninus
902 1293 961 1350 mil.
985 1293 1043 1364 lep.
1061 1291 1170 1349 XXII
1188 1291 1256 1350 Pri-

132 1395 283 1468 mipmioe
308 1395 420 1453 aedilis
449 1394 488 1452 II
509 1397 560 1454 oir-
585 1395 664 1454 idem
694 1395 806 1454 dieitur·
835 1394 882 1452 VI
902 1395 949 1452 air
972 1395 1160 1469 Anoualalia,
1189 1411 1256 1453 oum

132 1500 218 1573 pater
241 1496 274 1566 0.
296 1496 429 1560 Petilius
446 1496 586 1568 cremae,
611 1499 663 1573 qui
685 1497 787 1556 neseio
803 1515 842 1556 au
856 1495 949 1555 fuerit
962 1495 1127 1573 libertinus,
1157 1495 1198 1553 VI
1210 1497 1257 1554 air
1329 1539 1331 1544 -

132 1598 307 1675 appelletur.

118 1726 121 1732 ·
216 1700 257 1760 nt
279 1701 360 1760 malit
381 1701 528 1777 quispiam
552 1702 593 1760 ita
615 1701 773 1773 discrimen
789 1706 930 1780 statuere,
952 1705 986 1758 nt
1006 1702 1127 1762 omniuo
1142 1718 1255 1778 omues,
1323 1706 1386 1756 Alia

133 1802 202 1862 dum
224 1803 356 1863 seviratu
379 1803 594 1880 iungerentur,
624 1805 716 1864 ueniri
742 1805 802 1863 siut
823 1806 981 1885 nominati,
1007 1805 1133 1881 posthae
1155 1808 1254 1863 autem
1277 1776 1437 1908 ffljffi

133 1908 167 1964 ut
180 1905 293 1965 ordinis
315 1906 388 1967 socii
409 1907 501 1964 ueniri
522 1907 709 1979 Aupmtales.
754 1906 812 1967 Sed
828 1907 897 1966 huio
919 1907 1055 1984 opinioni
1076 1906 1255 1966 documenta
1420 1899 1422 1906 ’

132 2025 192 2067 uon
223 2008 317 2084 magis
344 2009 558 2083 suffragantur.
611 2009 704 2067 Immo
733 2009 811 2068 siout
843 2010 1015 2069 sacerdotes
1045 2009 1138 2068 annui
1165 2010 1257 2067 ueniri

133 2109 326 2182 Aapusloles,
358 2111 400 2168 ita
431 2109 562 2169 seviratu
596 2109 732 2169 defuncti
764 2112 858 2169 sasiri
890 2129 981 2188 saepe
1013 2114 1170 2170 vocantur.
1214 2112 1254 2172 Ut

132 2229 231 2288 panea
252 2213 372 2271 affomm
395 2212 544 2289 exempla,
570 2231 623 2272 sex
646 2213 803 2272 libertinos
827 2232 949 2273 munere
972 2212 1255 2290 anunopfuugentes

131 2313 162 2374 iu
191 2314 230 2391 ll,
252 2317 333 2374 3219
366 2316 505 2373 sexuireo
535 2315 716 2389 Aneuniates
749 2315 808 2375 diei
840 2317 1017 2393 reperimus.
1068 2317 1147 2375 Tum
1179 2315 1254 2376 erdo

133 2416 220 2475 mede
250 2419 380 2475 sevirum
410 2417 497 2476 modo
526 2419 656 2475 sevirum
685 2420 900 2491 Aepuotulium
929 2419 1048 2479 nemine
1082 2419 1113 2478 in
1150 2417 1254 2477 eodem
1326 2445 1328 2449 ¹

132 2517 219 2578 titulo
241 2519 321 2578 haud
344 2537 413 2578 rare
436 2520 615 2596 appelletur.
637 2519 674 2579 of.
697 2520 798 2581 0r.·ll.
822 2523 914 2581 7335.
936 2521 995 2582 Or.¹
1009 2524 1099 2582 3002.
1137 2519 1255 2579 Deinde

132 2621 162 2680 iu
184 2622 272 2681 titulo
298 2622 514 2681 Barcinonensi
535 2623 572 2698 Π,
592 2625 674 2682 4541
704 2623 738 2681 L.
763 2624 887 2682 Flavius
912 2623 1124 2697 Chrysopolim
1146 2622 1256 2682 dieitur·

132 2722 244 2782 IIIIII
267 2726 313 2782 nir
335 2719 423 2801 Αοιρ..
452 2729 558 2786 eontra
588 2726 619 2784 in
650 2727 871 2786 Tarraconensi
897 2727 937 2802 ll,
958 2729 1040 2785 4297
1073 2729 1195 2801 postea,
1224 2730 1257 2785 ut

134 2827 254 2906 opinor,
280 2828 379 2904 posito
408 2829 490 2886 sevir
518 2828 614 2902 (moy.
637 2828 750 2886 Larum
772 2829 866 2903 slep.)
909 2830 1004 2887 Porro
1033 2829 1063 2886 iu
1086 2845 1147 2908 pue
1168 2827 1256 2886 titulo

53 2972 58 2981 .
134 2929 225 2987 Herz.
255 2931 317 2995 360
346 2929 424 2988 idem
451 2930 539 2989 homo
562 2930 650 2990 modo
671 2931 751 2989 sevir
777 2931 871 3007 Aue,
900 2930 987 2990 modo
1016 2918 1097 2988 sevir
1121 2933 1256 2988 voantur.

134 3024 274 3107 Denique
294 3033 325 3091 iu
348 3033 437 3108 eippo
461 3033 626 3092 Veronensi
650 3033 685 3108 V,
701 3035 781 3092 3429
805 3032 839 3090 L.
855 3032 990 3091 Silentia
1004 3031 1168 3090 Homuocio
1187 3048 1255 3088 oum

134 3134 226 3193 semel
254 3134 425 3194 aoouratius
454 3134 570 3194 dicatur
598 3136 700 3193 sexvir
723 3137 799 3208 Aua.
823 3139 854 3192 et
875 3133 1120 3205 Neronianus),
1147 3135 1255 3194 iterum

134 3235 265 3295 breviter
294 3236 403 3296 dieitur
430 3238 541 3296 ooxvir.
589 3237 649 3298 Sed
677 3237 752 3296 haee
782 3237 820 3295 de
848 3237 906 3296 hae
933 3255 966 3296 re
989 3238 1150 3314 haetenus,
1188 3253 1255 3294 uam

134 3337 199 3398 dies
221 3358 267 3399 me
290 3338 439 3417 deficeret,
461 3341 485 3399 si
507 3340 616 3399 vellem
639 3358 823 3416 enumerare,
845 3357 1043 3415 quaeeunque
1065 3356 1197 3415 possum.

660 3589 675 3652 a
696 3589 734 3639 rs.

214 3702 257 3760 De
275 3706 374 3761 seviris
393 3707 461 3777 Aup.
479 3704 755 3762 Mediolanieosilus.
791 3701 835 3760 De
852 3706 950 3760 seviris
967 3704 1124 3760 iunioribus
1142 3713 1168 3760 et

609 3790 777 3847 senioribus.

219 3921 431 3979 Verumtamen
454 3920 640 3997 relinquitur,
662 3925 696 3979 ut
717 3921 805 3979 unius
828 3919 930 3997 oppidi
947 3919 1126 3978 mentionem
1142 3917 1256 3994 faciam,

134 4021 187 4081 nbi
207 4038 313 4080 revera
336 4021 447 4081 nudum
469 4023 561 4080 oeviri
576 4039 682 4081 nornen
699 4023 813 4080 etiamsi
837 4041 896 4080 non
919 4021 993 4080 soli
1016 4024 1116 4080 tamen
1139 4020 1255 4080 solum

132 4123 244 4183 habent
273 4125 316 4200 ei,
347 4126 399 4201 qui
428 4143 465 4184 ex
496 4125 633 4200 ingenuis
662 4124 821 4183 seviratnur
852 4124 1005 4199 suscipere
1028 4122 1193 4198 dignantur
1220 4139 1256 4180 οο

133 4227 274 4303 oonsilio,
304 4231 337 4286 ut
366 4226 436 4286 inde
466 4231 616 4303 tamquam
646 4245 663 4284 a
693 4225 788 4301 gradu
817 4226 958 4284 inferiore
988 4223 1026 4282 ad
1054 4225 1183 4284 honores
1206 4223 1254 4283 de-

132 4376 336 4386 ——.-—.

221 4460 241 4524 ¹)
260 4459 302 4512 De
323 4455 591 4511 Mediolanieusibns
608 4471 673 4509 mex
692 4454 842 4523 separatim
861 4454 1002 4509 deseram.

1011 4557 1048 4608 4*
