3180 5370
337 415 376 477 78

332 590 440 663 fropio
458 590 570 662 populi
585 589 716 648 delatum
728 588 750 662 ¹)
773 594 815 663 tn.
832 595 871 653 6).
914 589 1057 649 Videmus
1079 591 1177 666 igitur,
1200 593 1344 666 quantum
1368 589 1459 649 etiam

335 695 433 751 aetate
470 692 661 768 imperatoria
695 693 880 751 comitiorum
918 693 1087 751 auctoritati
1123 693 1151 751 in
1186 693 1353 768 municipiis
1390 711 1459 751 oon·

336 812 450 852 sessum
474 795 520 852 sit

856 989 871 1057 ξ
890 993 930 1042 21.

714 1088 758 1144 De
775 1092 895 1144 sevirum
913 1092 1077 1162 iasipuibus.

183 1200 206 1259 al
226 1199 292 1247 intra
424 1203 463 1261 Ut
492 1204 591 1260 autem
626 1199 663 1258 ad
700 1219 808 1260 munus
838 1202 984 1261 seviratus
1021 1201 1242 1279 suscipiendum
1270 1203 1312 1280 ei,
1350 1203 1459 1278 quibus

143 1281 327 1384 annrhrgrtsssscer-
339 1303 507 1380 offerretur,
530 1308 631 1362 essent
646 1304 823 1380 paratiores,
846 1303 974 1379 insignia
989 1303 1069 1363 haud
1086 1304 1246 1363 mediocria
1260 1305 1302 1362 illi
1318 1304 1460 1364 adiuncta

204 1427 264 1480 toga
338 1408 417 1464 sunt.
461 1406 592 1464 Primum
617 1404 693 1463 enirn
718 1409 750 1463 nt
773 1411 845 1478 iope
865 1413 1026 1478 praetexto
1042 1411 1208 1483 uterentur,
1231 1406 1334 1465 seviris
1351 1409 1459 1466 annuis

164 1495 302 1548 praetexta.
341 1525 514 1566 eoncessum
531 1513 583 1566 est.
614 1507 670 1580 Qui
684 1508 779 1566 honos
796 1508 832 1566 ab
848 1526 908 1566 una
922 1513 1008 1584 parte
1022 1529 1039 1567 a
1054 1508 1234 1568 sacerdotali
1248 1508 1312 1567 eius
1327 1509 1460 1568 muneris

334 1614 440 1668 natura
463 1610 582 1669 videtur
604 1609 796 1687 repetendus.
840 1611 916 1669 Nam
940 1611 1121 1686 sacerdotes,
1144 1611 1213 1669 dum
1229 1629 1317 1670 saera
1333 1611 1460 1688 obirent,

334 1718 520 1788 praetextam
544 1715 678 1788 gestasse
706 1710 846 1770 traditum
871 1710 957 1785 est.‘²)
1002 1712 1048 1771 Ab
1071 1713 1166 1772 altera
1198 1716 1284 1790 parte
1316 1717 1348 1771 ut
1370 1712 1459 1772 ludos

335 1812 492 1873 edentibus
515 1815 563 1872 hie
587 1818 712 1873 ornatus
736 1814 843 1872 soviris
866 1815 1022 1890 convenit,
1055 1816 1148 1874 veluti
1179 1819 1209 1873 et
1240 1815 1269 1872 in
1301 1815 1375 1874 urbe
1399 1833 1458 1873 ma·
1505 1869 1511 1876 .

334 1918 444 1992 gistros
459 1913 626 1988 vioorum3)
651 1916 733 1975 etin
756 1916 923 1990 municipiis
946 1916 1075 1994 omnino,
1099 1918 1150 1993 qui
1173 1906 1346 1994 spectacula
1369 1917 1458 1976 faeie·
1481 1926 1483 1930 ’

334 2016 454 2096 bant4),
491 2021 695 2094 praetextatos
729 2019 844 2076 muneri
880 2017 1046 2095 praefuisse
1087 2022 1214 2078 constat.
1273 2019 1460 2078 Testimonia

334 2125 432 2179 autem
456 2120 493 2178 ad
516 2139 578 2179 rem
601 2121 694 2194 ipsam
720 2118 951 2178 confirmandam
974 2139 1072 2197 pauoa
1095 2120 1214 2196 quidem
1238 2124 1358 2196 praesto
1380 2124 1460 2194 sunt,

336 2223 386 2281 sed
424 2221 526 2280 eadem
559 2221 734 2280 firmissima.
764 2212 877 2295 'Quod
900 2223 982 2281 enim
1009 2223 1039 2282 in
1070 2223 1147 2281 titul.
1169 2221 1351 2282 Brundisino
1375 2224 1398 2281 Ι.
1421 2224 1458 2282 Ν.

334 2327 396 2383 464
420 2327 594 2383 ornamenta
616 2323 845 2399 Augustalitatis
877 2328 1146 2384 commemorantur
1176 2330 1293 2384 mortuo
1327 2323 1459 2401 decreta,

335 2427 372 2485 ad
387 2429 501 2485 vestem
517 2425 682 2485 funeralem
698 2426 843 2501 imprimis
864 2426 894 2485 id
916 2427 1067 2502 pertinere
1082 2445 1168 2485 nemo
1185 2424 1341 2502 negabit.⁵)
1371 2425 1458 2486 Unde

335 2529 469 2603 sequitur
491 2532 604 2587 vestem
627 2529 791 2586 solemnem
814 2530 932 2588 omnino
949 2529 1159 2604 Augustalium
1182 2528 1335 2604 propriam
1357 2528 1459 2588 fuisse.

336 2631 450 2690 Deinde
473 2630 639 2689 Habinnam
663 2630 793 2688 sevirum
817 2609 901 2689 ueste
933 2631 1002 2699 alba
1035 2632 1174 2689 amictum
1196 2631 1357 2689 Petronius
1387 2630 1459 2689 faeit

335 2733 564 2792 Trimalchionis
588 2732 718 2791 triclinia
741 2733 911 2810 intrantem,
933 2735 975 2792 ita
996 2736 1030 2792 ut
1045 2733 1209 2808 Encolpius
1225 2733 1288 2792 eius
1305 2733 1458 2792 maiestate

334 2836 514 2895 conterritus
541 2838 711 2911 praetorem
745 2836 829 2909 putet
859 2833 1010 2908 venissel)
1056 2835 1142 2896 Unde
1173 2839 1272 2894 tamen
1296 2836 1358 2894 noli
1389 2827 1457 2894 eon·
1502 2843 1505 2851 “

335 2938 456 2996 eludere
487 2937 593 2997 seviris
619 2955 674 3014 per
697 2940 790 2996 totum
815 2921 945 2996 muneris
972 2956 1083 2997 annum
1114 2955 1232 3013 semper
1261 2924 1459 3013 praetextatis

230 3087 233 3094 ,
335 3039 456 3116 prodire
478 3039 591 3098 lioitum
614 3039 716 3098 fuisse.
760 3041 851 3099 lmmo
876 3040 925 3110 „in
949 3040 1067 3117 poplioo
1091 3038 1201 3116 luuoi“,
1225 3043 1258 3098 ut
1273 3040 1374 3099 verbis
1389 3043 1458 3098 utar

335 3142 454 3200 tabulae
475 3139 664 3218 Bantinaell,
686 3145 871 3217 praetextam
896 3142 1007 3201 habere
1031 3145 1113 3201 certe
1135 3159 1190 3217 per
1213 3142 1310 3218 legem
1333 3142 1375 3200 eis
1397 3159 1457 3200 non
1507 3218 1510 3229 Ι

335 3243 419 3303 licuit
441 3244 498 3301 nisi
515 3233 588 3301 dum
601 3230 915 3303 saora'ooneelebrant
930 3249 982 3305 aut
998 3242 1077 3303 ludis
1092 3245 1265 3321 praesident
1287 3245 1338 3303 aut
1354 3243 1458 3320 epulas

336 3343 507 3416 dividunt.⁸)
538 3345 596 3405 Sed
612 3344 690 3405 dorni
708 3364 780 3405 suae
796 3347 846 3405 vel
862 3348 992 3406 tenebris
1008 3346 1121 3405 obortis
1138 3363 1333 3422 quaeeunque
1356 3350 1458 3405 vestes

336 3447 452 3507 civibus
475 3447 592 3508 luberet
614 3448 669 3507 sibi
692 3448 829 3526 induere,
851 3449 936 3524 leges
960 3449 1033 3507 nihil
1055 3448 1202 3546 curabant
1212 3445 1251 3525 ⁹);
1288 3448 1344 3532 nisi
1376 3447 1457 3522 quod

334 3596 537 3606 ——-—-—-

423 3698 443 3761 ¹)
461 3693 494 3748 et'.
513 3694 636 3749 Momms.
654 3695 689 3748 ad
708 3695 733 3748 h.
752 3697 809 3766 tite¹

419 3782 442 3846 2)
459 3779 493 3834 ef.
513 3781 672 3848 Mommsen,
692 3779 788 3835 Statsr.
807 3781 828 3847 l,
847 3797 874 3848 p.
888 3773 945 3834 406.

420 3868 442 3932 ³)
460 3865 523 3919 Dio.
547 3871 588 3932 55,
608 3871 630 3919 8.
649 3863 756 3920 Aaron.
779 3866 808 3919 in
825 3865 919 3919 Pison.
938 3872 992 3933 p.'l
1017 3866 1062 3920 Or.
1081 3863 1115 3919 ef.
1139 3866 1299 3919 Mommsen.
1317 3863 1416 3918 Statsr.
1434 3863 1457 3933 Ι,

335 3955 384 4005 375
403 3952 466 4005 adn.
486 3953 508 4004 2.

419 4040 441 4102 ⁴)
460 4034 495 4089 ef.
514 4037 581 4091 I.N1
599 4040 673 4090 5789.
737 4062 739 4066 ,
896 4040 920 4104 ⁵)
938 4037 1068 4090 Ceterum
1086 4035 1121 4090 es.
1140 4036 1277 4089 addenda.

420 4126 442 4188 6)
460 4121 572 4176 Seilieet
583 4121 759 4190 praetoribus
777 4123 793 4174 i.
807 4137 829 4175 e.
851 4121 964 4174 summis
983 4121 1106 4174 eoloniae
1124 4120 1295 4189 municipive
1314 4121 1456 4188 magistra-

335 4206 408 4260 tibus
428 4212 572 4275 praetexta
589 4214 617 4261 et
635 4206 781 4261 lictoribus
800 4222 910 4275 semper
927 4208 968 4260 uti
985 4206 1095 4260 licebat.

420 4295 441 4360 ⁷)
461 4309 486 4344 v.
505 4297 528 4345 4.
547 4292 581 4346 of.
599 4293 698 4357 Bruns,
716 4292 809 4345 fontes
827 4292 896 4345 iuris
914 4292 993 4345 Rom.
1012 4291 1121 4359 antiqui
1139 4291 1183 4345 ed.
1201 4291 1243 4343 ΙΙΙ
1261 4309 1288 4360 p.
1308 4295 1348 4345 48.
1416 4287 1421 4294 ’

421 4381 444 4445 ⁸)
461 4375 495 4430 ef.
513 4378 661 4431 Patrone.
680 4382 722 4430 tr.
892 4379 914 4442 ⁹)
932 4376 967 4430 ot'.
986 4377 1146 4444 Mommsen,
1164 4375 1264 4430 Stator.
1281 4377 1303 4444 1,
1321 4381 1379 4429 391.
