3142 5138
374 1483 548 1599 Addenda
571 1533 608 1598 et
631 1530 859 1612 corrigenda.

51 1860 77 1910 p.
97 1845 112 1893 4
141 1841 169 1893 in
188 1839 372 1908 inscriptione
389 1839 443 1906 leg.
458 1839 554 1908 prius
572 1853 622 1906 pro
637 1838 687 1907 pri
693 1854 784 1890 mum.

50 1963 77 2013 p.
97 1946 136 1996 22.
155 1960 181 1995 v.
205 1951 224 1994 1.
253 1942 281 1995 in
300 1957 369 1995 voce
386 1942 493 1996 saviros
511 1940 604 1994 littera
621 1940 719 1993 ultima
736 1956 751 1993 s
769 1939 921 1993 intercidit.
1015 1980 1018 1985 ,

50 2063 77 2113 p.
96 2048 136 2098 11.
166 2046 287 2098 Numero
305 2044 457 2109 titulorum,
474 2044 505 2097 in
523 2044 625 2112 quibus
643 2043 826 2097 inveniuntur
843 2041 1019 2110 Augustales
1038 2040 1176 2109 perpetui,

153 2131 315 2184 adiciendus
338 2136 381 2184 est
406 2130 486 2183 etiam
511 2129 546 2197 ll,
574 2133 650 2182 1121:
690 2129 720 2196 Q.
755 2129 883 2183 Valerius
913 2127 1033 2198 Optatus
1060 2129 1174 2197 Augu·

151 2216 257 2269 stalis
275 2233 371 2286 perp.
412 2215 485 2270 Huic
510 2215 580 2269 ordo
605 2215 748 2286 municipii
771 2214 855 2268 Flavi
873 2213 972 2268 Sosou.
992 2212 1176 2284 Eqiiuuorum

152 2317 238 2356 cenas
260 2301 388 2371 publicas
412 2301 532 2356 decrevit
557 2307 585 2355 et
607 2301 713 2365 locum,
737 2301 766 2354 iu
791 2317 845 2370 quo
877 2304 987 2353 statuas
1011 2298 1066 2352 sibi
1087 2297 1176 2352 uxori

153 2387 303 2457 literisque
320 2392 452 2458 poneret,
471 2387 531 2442 loco
551 2387 702 2458 adsignata
718 2385 869 2456 ponendas
881 2386 997 2440 curauit
1034 2382 1173 2448 Quiidem

152 2478 197 2525 est
214 2483 297 2540 atque
316 2473 499 2527 Gruterianus
519 2490 545 2540 p.
559 2477 617 2540 119,
630 2478 653 2525 1.
688 2472 787 2540 Itaque
808 2471 905 2536 erravi,
924 2487 985 2524 cum
1005 2469 1127 2523 dicerem
1144 2467 1174 2520 in

150 2575 177 2625 p.
208 2562 238 2610 11
267 2557 340 2610 hunc
374 2558 485 2611 titulum
513 2557 707 2611 Gruterianum
735 2572 798 2611 esse
828 2556 969 2611 ficticium.
1014 2555 1057 2608 At
1082 2553 1175 2622 aliqua

150 2643 255 2696 ratione
280 2658 397 2697 excusor
414 2658 462 2707 eo,
487 2643 563 2711 quod
582 2644 719 2716 Gruterus
740 2643 771 2696 in
790 2642 833 2696 ed.
847 2647 868 2694 1.
888 2647 1002 2695 secutus
1021 2646 1066 2694 est
1084 2654 1174 2693 exem·

151 2729 234 2796 plum'
246 2729 397 2796 pessimum
417 2744 467 2790 „ex
485 2728 554 2782 Ant.
573 2728 728 2796 Augustini
745 2727 930 2781 adversariis1
950 2727 1107 2795 repetitum,
1125 2727 1174 2793 qui

150 2829 248 2867 rursus
271 2812 374 2882 pendet
398 2829 432 2867 ex
450 2812 509 2867 loh.
528 2812 677 2881 Alphonso
695 2814 810 2868 Franco.
845 2812 873 2866 Si
892 2812 964 2866 enim
983 2812 1017 2866 ab
1036 2811 1116 2865 initio
1134 2811 1175 2863 in·

149 2899 277 2952 cidissem
296 2900 324 2951 in
343 2900 498 2968 exemplum
512 2899 664 2966 Ramberti,
683 2899 759 2966 qnod
771 2898 898 2967 sequitur
910 2897 1076 2952 Huebnerus
1091 2896 1175 2950 sicuti

149 2985 316 3039 Mur-storius
335 2990 364 3038 et
380 2984 471 3052 ipsius
490 2985 603 3038 Gruteri
623 2984 709 3038 editio
727 2985 825 3049 altera,
851 2989 919 3051 puto
942 2998 985 3036 me
1011 2999 1067 3035 non
1085 2979 1174 3035 fnisse

148 3069 178 3121 in
201 3085 320 3124 errorem
342 3070 427 3124 istum
451 3071 638 3138 delapsurum.
668 3101 702 3109 —
730 3071 879 3124 Praeterea
907 3069 1098 3122 animadverto
1120 3081 1171 3133 me,

150 3155 215 3207 dum
233 3154 316 3209 huius
334 3156 424 3223 ipsius
443 3156 682 3209 commentationis
694 3154 836 3209 materiam
850 3168 1045 3222 compararem,
1064 3153 1172 3207 demum

149 3240 282 3295 didicisse
308 3240 398 3296 titulis
422 3248 450 3296 et
473 3242 618 3295 titulorum
644 3240 856 3296 collectionibus
881 3241 930 3294 uti.
975 3235 1072 3307 Atque
1096 3252 1172 3304 corp.

149 3325 278 3394 inscript.
312 3326 368 3380 vol.
384 3326 412 3379 II
429 3327 548 3395 primurn
566 3327 687 3381 omnium
706 3327 832 3381 tractavi.

46 3429 74 3479 p.
94 3416 135 3464 11.
164 3413 193 3464 in
211 3411 273 3465 adn.
292 3411 347 3480 leg.
366 3412 492 3482 alioquin
510 3429 562 3481 pro
580 3413 695 3482 aliquia.

46 3529 73 3581 p.
93 3517 169 3566 5511.
191 3519 221 3568 lt
240 3521 269 3567 et
290 3519 327 3567 11.
358 3515 412 3583 leg.
434 3514 570 3572 Carsiolis
588 3531 639 3585 pro
660 3514 801 3570 Cassioiis.

149 3597 178 3651 in
196 3600 258 3653 adn.
280 3604 303 3652 2.
321 3601 375 3669 leg.
396 3599 506 3657 Calatia
525 3618 576 3669 pro
596 3599 715 3657 Galatia.

46 3718 72 3770 p.
92 3705 131 3754 58.
151 3703 193 3756 De
212 3703 398 3757 Romanorum
418 3705 549 3771 aedituis,
573 3721 690 3772 quorum
715 3710 841 3757 naturam
860 3703 1031 3769 universam,
1057 3718 1118 3755 curn
1138 3702 1172 3754 de

148 3788 351 3858 Augustalibus
369 3790 489 3844 aedituis
509 3791 624 3844 Tusculi
645 3789 779 3843 iudicium
798 3788 929 3856 facerem,
953 3804 1052 3857 parurn
1071 3803 1171 3855 cogno

148 3888 249 3940 veram,
262 3889 337 3927 nunc
349 3875 446 3928 videas
463 3879 587 3944 (praeter
599 3875 722 3928 Momms.
736 3866 833 3928 Statsr'.
846 3876 866 3940 l,
881 3879 929 3927 315
943 3878 977 3941 s.)
995 3872 1170 3940 Marquardt,

147 3963 321 4011 commentat.
345 3959 440 4026 philol.
463 3961 491 4013 in
509 3959 607 4013 honor.
631 3960 735 4014 Theod.
755 3960 915 4014 Mommseni
940 3965 1000 4019 1811
1020 3977 1047 4028 p.
1067 3963 1115 4011 318
1135 3973 1171 4011 ss.

147 4041 282 4096 Attamen
304 4074 337 4081 -
360 4042 390 4095 id
413 4044 489 4111 quod
513 4059 573 4098 mea
595 4043 744 4112 plurimum
768 4045 902 4098 intererat
931 4075 964 4082 —-
993 4042 1169 4096 Tusculanos

146 4129 216 4181 istos
239 4127 367 4182 aedituos
391 4144 453 4182 cum
477 4128 557 4201 ipsis·
572 4127 673 4183 seviris
691 4145 747 4182 non
765 4144 828 4184 esse
847 4128 1060 4183 confundendos
1079 4128 1172 4181 etiam·

145 4229 220 4266 nunc
238 4213 356 4267 obtines.
946 4220 948 4225 ’

44 4330 71 4382 p.
90 4319 130 4368 61.
153 4316 182 4368 in
199 4315 324 4384 margine
341 4316 393 4384 leg.
410 4316 565 4386 prohibiti
581 4333 633 4386 pro
647 4317 763 4387 proditi.

43 4432 71 4484 p.
91 4420 122 4469 18
140 4422 169 4471 et
186 4421 232 4472 86:
250 4417 364 4472 Seviros
381 4434 443 4473 cum
461 4424 605 4488 praetexta
623 4420 711 4474 elatos
729 4435 793 4474 esse
811 4419 1031 4474 luculentissime
1049 4424 1169 4488 apparet

145 4516 179 4556 ex
197 4503 320 4558 Petronii
337 4516 397 4572 cap.
416 4508 457 4559 18.
474 4503 590 4572 (Birsoh.
612 4507 684 4560 1862.
702 4523 730 4575 p.
749 4509 802 4570 92.)
