3180 5370
1226 501 1269 562 63

148 672 218 733 milri
239 672 423 750 persuadere
445 674 476 732 in
498 672 584 732 titulo
608 693 636 731 n.
656 676 675 733 9
699 692 726 731 a.
743 677 803 734 186
825 693 854 749 p.
871 674 939 734 (ihr.
961 675 1056 750 posito
1084 673 1268 733 Claudiolem

148 775 343 850 Annastmem
372 775 409 834 ab
431 776 576 835 Henneno
607 757 693 834 recte¹
719 793 785 834 esse
815 775 1007 834 intellectum.
1050 777 1142 834 Immo
1166 780 1266 835 notam

151 876 201 954 ol,
223 878 248 938 si
270 876 357 937 modo
381 878 469 936 lectio
492 880 575 936 certa
597 881 658 953 est,
690 876 728 934 de
752 876 877 937 Claudia
905 877 983 937 tribu
1007 878 1105 936 malim
1128 879 1267 953 accipere

74 976 77 984 '
148 979 317 1057 cognomini
339 980 515 1056 postposita,
539 983 571 1038 nt
583 998 810 1054 nonnumquam
832 979 984 1038 invenitur
1006 979 1042 1038 cf.
1058 979 1158 1040 <ts-H.
1175 982 1266 1041 5988.
1295 1011 1299 1022 ·

148 1083 183 1160 V,
206 1084 298 1143 7533.
343 1083 456 1141 Contra
477 1087 546 1157 post
562 1081 675 1141 Claudii
698 1087 830 1158 mortem,
854 1083 904 1158 qui
922 1082 1049 1158 sumpsit
1071 1101 1178 1141 nomen
1194 1081 1265 1140 lnrrl

147 1186 205 1244 oiri
226 1185 300 1258 Aap.
333 1191 362 1242 et
392 1184 567 1258 Neroniani,
605 1182 646 1256 (n.
678 1181 729 1256 14)
766 1186 949 1259 temporibus
987 1185 1097 1260 optime
1134 1184 1266 1243 servivit

38 1324 42 1329 ·
147 1286 258 1347 Eodem
289 1287 376 1346 modo
403 1287 514 1346 Flaviis
544 1287 593 1346 vel
619 1288 723 1346 Nerva
753 1287 968 1364 imperantibus
998 1287 1192 1346 inveniuntur
1228 1288 1265 1345 ab
1378 1339 1384 1349 .

147 1407 209 1449 una
229 1395 315 1466 parte
337 1390 452 1448 sanciri
474 1389 675 1463 Anaustalm,
705 1389 742 1447 ab
771 1390 868 1448 altera
895 1393 925 1448 et
947 1390 1064 1447 oenotri
1086 1390 1266 1463 Aupnstulm

147 1492 299 1551 Fluviolea
328 1489 369 1568 (p.
392 1495 442 1552 20.
471 1496 520 1550 21.
543 1488 609 1563 22).
625 1493 675 1551 vel
697 1493 772 1564 Aoo.
796 1491 943 1549 Flaviolec
968 1490 1094 1549 Titioles
1116 1492 1267 1552 Nervialea

147 1592 187 1665 (n.
210 1597 259 1654 23.
283 1596 334 1664 24)
358 1600 388 1654 et
408 1594 523 1654 saxnat
544 1594 697 1652 Fluviales
720 1592 809 1652 nude.
852 1593 972 1654 Sexviri
993 1594 1142 1652 Flaviolas
1163 1595 1266 1667 Aaou·

146 1698 235 1756 stolas
256 1696 334 1757 forte
357 1698 560 1773 requiruntur.
604 1695 740 1768 Quocum
757 1695 972 1755 conferendum
988 1702 1042 1773 est,
1064 1697 1146 1773 quod
1168 1698 1197 1756 in
1220 1715 1266 1756 so·

59 1788 88 1800 ”
149 1798 264 1861 dalibus
285 1818 354 1868 moa
377 1800 566 1858 nominantur
590 1798 743 1856 Fluviulec
766 1797 898 1869 Tabales,
923 1817 991 1857 mox
1010 1798 1131 1857 Pitiulas
1146 1799 1267 1859 Fluvio·

148 1902 198 1976 les,
220 1919 290 1960 mox
315 1901 440 1960 Ttttules
462 1900 551 1960 nude.
594 1901 711 1976 Nempe
734 1900 763 1959 id
787 1900 985 1979 vocabulum,
1008 1919 1066 1976 quo
1090 1902 1266 1978 Vespasiani

148 2002 325 2080 limantio,
354 2023 422 2062 mox
444 2003 504 2063 Titi
535 2004 693 2062 memoriae
716 2004 932 2080 praemittitur,
965 2021 1034 2062 mox
1066 2005 1267 2081 postponitur,

147 2124 215 2165 mox
237 2107 355 2187 omnino
379 2102 617 2183 suppremitur.¹)
662 2104 850 2181 Quamquam
872 2105 901 2164 in
926 2124 961 2164 eo
978 2122 1026 2164 res
1042 2105 1186 2164 sodalium
1210 2106 1267 2166 fuit

31 2206 37 2213 ’
147 2208 280 2284 diversa,
302 2208 384 2284 quod
406 2225 480 2267 sane
502 2207 627 2284 singulis
650 2208 862 2284 imperatorum
885 2208 1025 2283 gentibus
1047 2212 1186 2283 separata
1209 2210 1266 2268 col·

147 2311 225 2387 legia
247 2316 318 2370 sunt
340 2311 474 2370 instituta
496 2329 596 2386 eaque
615 2310 765 2369 durabant
792 2311 879 2369 etiam
909 2315 1019 2386 gente,
1043 2311 1091 2370 cui
1114 2315 1200 2369 erant
1221 2328 1265 2369 sa·

147 2418 238 2490 crata,
259 2415 413 2472 exstincta

232 2515 350 2584 Deinde
382 2516 545 2575 Hennenus
574 2519 781 2590 argumentum
814 2515 955 2591 repetivit
984 2533 1021 2574 ex
1049 2516 1273 2591 tituloBe1·go··

147 2618 241 2678 mensi
265 2615 315 2676 Or.
339 2620 437 2677 3932:
471 2659 478 2676 .
500 2660 507 2675 .
529 2617 562 2674 L.
584 2617 734 2675 Blandior
767 2617 839 2690 C.f.
865 2616 927 2673 Vct.
951 2618 1019 2675 iiiiii
1045 2608 1095 2676 oir'
1115 2625 1142 2677 et
1164 2620 1265 2691 Auara·
1288 2624 1328 2671 De
1347 2624 1386 2672 tit.
1398 2623 1451 2685 Ι01.

144 2721 232 2778 stolis
254 2725 282 2779 et
302 2720 526 2796 domicella„
556 2719 694 2781 nimirum
723 2718 932 2778 emendatione
955 2720 1096 2796 Zumptii,
1124 2721 1175 2795 qui
1196 2721 1267 2779 Fla·
1331 2703 1420 2765 393²*

145 2824 232 2881 violis
254 2822 344 2882 scribi
366 2824 510 2898 iusserat,
540 2822 742 2896 comprobata.
785 2822 826 2880 At
849 2839 948 2897 neque
979 2840 1034 2896 per
1057 2840 1089 2881 se
1111 2823 1276 2899 probabile-

144 2924 201 2985 fuit
222 2926 395 2984 Flaviornm
420 2928 517 2984 aetate
540 2925 718 3001 cognomine
749 2941 929 3000 quemquam
952 2924 1100 3000 caruisse,
1133 2929 1163 2983 et
1185 2944 1265 2984 nunc

144 3028 264 3105 quidem
283 3027 444 3101 domitialis
467 3027 508 3085 uti
532 3026 622 3085 lectio
653 3027 784 3101 genuina
814 3027 899 3084 titulo
923 3031 967 3085 est
988 3027 1129 3086 restituta
1158 3025 1207 3097 (cf.
1231 3030 1266 3120 V,

144 3127 248 3202 5132).
292 3129 573 3201 Porrolieuzenus
599 3147 634 3188 eo
665 3128 746 3205 qnod
775 3130 804 3187 in
838 3147 866 3186 n
892 3128 1070 3195 l9dicitur
1093 3127 1136 3185 VI
1159 3130 1207 3187 vir
1237 3136 1266 3188 et
1292 3131 1331 3177 De
1350 3130 1389 3179 tit.
1408 3131 1442 3188 V,

142 3233 288 3291 Fluviolla
310 3230 359 3304 (cf.
374 3235 434 3290 n.'l
458 3233 537 3290 sevir
559 3237 587 3288 ct
606 3229 721 3303 Claud.)
745 3231 863 3307 putavit
877 3231 1063 3290 manifestum
1079 3248 1154 3308 esse,
1175 3231 1263 3290 istum
1330 3199 1404 3260 7⁰¹&

143 3335 290 3394 hominem
312 3333 407 3392 fnisse
430 3339 459 3392 et
486 3334 616 3392 sevirum
641 3334 837 3408 Augustalem
869 3337 899 3392 et
921 3333 1116 3411 Flavialium,
1144 3334 1264 3410 collegii
1350 3385 1352 3389 ,

142 3437 260 3511 diversi,
283 3437 405 3496 socium.
458 3434 515 3518 Sed
540 3436 614 3494 haec
644 3436 850 3511 interpretatio
879 3435 958 3494 redit
990 3436 1026 3493 ad
1049 3435 1153 3494 falsam
1182 3436 1263 3493 illam

142 3540 321 3618 opinionem,
344 3539 458 3598 seviros
481 3555 547 3597 esse
568 3538 727 3613 magistros
750 3539 957 3614 Augustalium
989 3536 1052 3610 (vel
1075 3534 1264 3609 Flauialium)

44 3635 48 3641 ⁴
142 3643 277 3718 collegiis
299 3641 426 3718 posthac
449 3639 627 3716 praefectos.
673 3641 810 3700 Ceterum
844 3641 993 3716 quomodo
1026 3641 1082 3700 hae
1105 3639 1264 3725 formulae:

144 3745 236 3804 Vlotr
253 3750 281 3803 et
297 3744 457 3812 l'luviolia,
471 3743 551 3801 sevir
566 3749 594 3801 et
612 3742 779 3826 Claudiana
801 3761 908 3801 revera
924 3748 1023 3802 essent
1037 3741 1265 3817 intellegendae,
1371 3785 1374 3792 .

25 3862 29 3869 ·
142 3864 233 3922 snpra
264 3846 418 3906 docuimus
456 3843 497 3922 (p.
521 3841 582 3916 25).
633 3844 847 3903 Gravissimum
881 3848 978 3905 autem
1012 3845 1162 3920 opinionis
1191 3862 1262 3904 suae
1272 3859 1313 3908 De
1326 3858 1459 3909 tit.Wilm.

142 3949 352 4008 documentum
374 3949 536 4006 Hennenus
559 3946 643 4006 duxit
664 3947 781 4007 titulum
803 3946 1001 4008 Tudertioum
1024 3967 1053 4006 n.
1069 3950 1123 4023 22,
1149 3947 1180 4004 in
1203 3963 1263 4022 quo
1332 3939 1407 3977 ²¹⁰⁰·

144 4054 190 4111 est
210 4053 288 4112 sevir
310 4050 486 4123 Augustalis
507 4054 535 4106 et
558 4050 707 4107 Fluriclls
732 4051 851 4123 primns
873 4050 1000 4108 amatam
1027 4049 1074 4107 bis·
1101 4046 1265 4107 bonoribus

144 4152 181 4212 ab
204 4156 309 4214 ordine
330 4155 468 4212 abactas
517 4151 632 4224 Quodsi
662 4156 734 4211 tuuc
757 4152 904 4228 Tuderte,
937 4153 994 4228 ait,
1024 4150 1205 4226 Augustales
1235 4153 1265 4209 ct

144 4258 293 4317 Flaviales
315 4256 345 4314 in
368 4272 461 4313 unum
485 4253 645 4329 collegium
668 4255 794 4314 tuissent
816 4254 930 4313 redacti
960 4253 1135 4329 eisdemque
1157 4252 1264 4312 seviris

228 4471 249 4538 ¹)
269 4469 306 4524 ct'.
323 4469 434 4523 Dessau
451 4468 469 4522 l.
482 4467 500 4522 l.
517 4483 545 4536 p.
561 4469 615 4520 112.
