3142 5138
1031 487 1041 499 ⁴
1214 492 1253 554 57

136 685 197 745 que
217 668 287 727 mihi
316 672 480 727 memoratu
508 665 642 743 dignum.
660 665 795 749 videtur,
832 667 914 743 quod
946 668 976 727 in
1007 667 1257 744 utroque'titulo

11 807 18 812 -
135 790 154 830 a
182 776 325 846 quattuor
362 770 531 830 bominibus
564 769 596 828 fit
626 769 782 828 dedicatio.
833 769 920 838 Unde
950 771 1087 847 suspicor
1117 773 1259 846 quattuor

136 874 294 949 magistros
317 891 414 948 usque
436 871 664 932 Mercurialibus
680 873 820 931 Naronae
843 871 1019 949 praefuisse.
1063 873 1162 936 Octeri
1184 891 1257 933 vero

135 975 222 1052 tituli,
243 976 366 1052 omisso,
388 977 421 1034 ut
442 993 498 1051 par
520 979 580 1050 est,
603 974 765 1050 sepulcrali
788 993 816 1032 ιι.
840 978 874 1050 8,
897 972 935 1032 de
957 973 1194 1034 dedicationibus
1218 975 1256 1035 ob

135 1079 277 1137 honorem
308 1078 454 1137 seviratus
476 1075 564 1137 factis
595 1094 702 1138 vereor
732 1095 769 1136 ne
800 1076 967 1153 accipiendi
990 1076 1065 1154 sint,
1102 1063 1207 1154 itaquo
1226 1079 1256 1136 in

135 1198 163 1238 n.
188 1183 205 1238 2
234 1197 287 1239 sex
310 1180 440 1240 libertini
456 1180 655 1245 ¹nominantur
677 1182 711 1238 ut
734 1177 952 1238 dedicationem
975 1177 1127 1239 facientes.
1171 1180 1257 1253 Quae

135 1270 202 1341 oum
224 1282 266 1341 ita
288 1283 362 1360 sint,
391 1283 518 1342 arbitror
542 1283 631 1341 talem
662 1282 724 1341 fere
747 1280 841 1340 fuisse
869 1281 978 1341 harum
1000 1299 1098 1340 rerum
1121 1281 1257 1342 ordinem
1320 1273 1323 1278 ’

135 1385 224 1461 atque
241 1385 401 1445 rationem:
424 1385 512 1444 Hand
528 1384 629 1461 paullo
646 1387 715 1444 ante
731 1403 820 1459 quam
837 1383 968 1444 honores
983 1384 1102 1444 divinos
1117 1385 1256 1460 Augusto
1312 1403 1313 1408 ¹

134 1488 242 1547 offerre
263 1487 294 1546 in
315 1505 402 1547 nsum
417 1488 507 1565 venit,
530 1491 563 1547 ut
585 1486 655 1546 alibi
677 1487 720 1545 ita
741 1474 882 1547 Naronae
905 1487 1154 1562 locupletissimus
1178 1489 1256 1565 quis·

135 1608 193 1666 que
215 1589 380 1667 libertinus,
402 1591 529 1649 maxime
552 1593 749 1666 mercatores,
771 1591 800 1648 in
825 1589 982 1666 collegium
1006 1591 1151 1667 coierunt,
1174 1590 1256 1667 quod

135 1693 323 1758 aMercurlo
353 1697 552 1754 mercatorum
589 1695 718 1769 patrono
752 1710 860 1752 nomen
894 1693 993 1751 traxit.
1041 1692 1110 1766 Qua
1139 1694 1257 1753 ratione

134 1798 368 1855 consentaneum
398 1799 443 1854 est
470 1796 678 1854 auctoritatem
702 1793 851 1870 quandam
884 1798 914 1853 et
944 1795 1045 1854 locum
1075 1796 1106 1853 in
1137 1796 1256 1856 civitate

134 1897 279 1974 insignem
293 1901 332 1957 ‚et
353 1916 371 1955 a
392 1897 509 1974 reliqua
530 1898 617 1975 plebe
640 1902 811 1974 separatum
834 1897 990 1974 paullatim
1020 1915 1071 1956 eos
1101 1898 1155 1957 sibi
1178 1917 1259 1957 com·-

134 2016 266 2075 parassc.
309 1999 426 2059 Idcirco
450 1999 641 2077 decuriones,
674 2019 740 2059 cum
773 1998 811 2059 de
841 1998 968 2076 plebeiis
990 2000 1128 2075 Augusto
1158 2018 1255 2060 sacer·

134 2100 219 2161 dotes
240 2101 342 2162 facere
364 2103 456 2161 semel
478 2103 608 2163 animum
631 2101 833 2180 induxissent,
862 2118 898 2160 ex
921 2101 1149 2163 Mercurialibus
1181 2105 1254 2180 quin
1298 2159 1304 2167 ,

135 2222 186 2264 eos
208 2205 333 2263 maxime
356 2205 503 2280 eligerent
525 2203 589 2263 fieri
613 2223 671 2264 non
695 2205 819 2280 potuit·
848 2203 934 2264 Unde
958 2204 1074 2281 evcnit,
1096 2208 1131 2264 ut
1152 2204 1254 2281 Augu·

134 2308 223 2366 stales
246 2307 295 2366 vel
317 2307 436 2384 plurimi
470 2307 519 2365 vel
552 2308 639 2366 etiam
672 2325 775 2367 omnes
804 2306 899 2366 eidem
930 2309 1031 2366 essent
1052 2307 1255 2367 Mercuriales.

135 2408 246 2471 Contra
269 2410 460 2471 Mercuriales
483 2428 542 2469 non
564 2413 637 2487 puto
661 2409 779 2470 eosdem
803 2426 906 2469 omnes
928 2408 1022 2468 fuisse
1038 2408 1255 2487 Augustales¹l

219 2511 325 2588 Atque¹
341 2512 475 2571 similiter
497 2511 584 2571 etiam
609 2516 710 2571 cetera
733 2529 810 2589 quae
833 2528 927 2588 supra
947 2513 1095 2588 congessi
1117 2515 1254 2590 exempla
1300 2510 1421 2589 Aliprum

134 2614 205 2672 mihi
226 2613 367 2672 videntur
396 2631 461 2674 esse
492 2614 678 2692 explicanda
722 2615 798 2674 Nam
822 2613 918 2674 Nolae
936 2619 978 2673 -et
1007 2615 1038 2672 in
1061 2614 1174 2690 oppido
1197 2579 1441 2706 ineM‘e'ffiffigs,
1484 2619 1488 2624 '

134 2735 162 2774 n.
186 2718 225 2777 13
259 2716 480 2775 Mercurialium
517 2719 547 2775 et
579 2716 787 2792 Augustalium
827 2715 953 2792 collegia
985 2721 1126 2793 separata
1161 2717 1254 2780 fuisse
1271 2715 1447 2779 Apollinares.

134 2817 223 2891 docet
244 2818 393 2894 particula
423 2825 452 2877 et
473 2817 590 2879 duobus
612 2818 781 2879 nominibus
804 2819 988 2895 interposita.
1032 2820 1140 2896 Neque
1162 2821 1256 2896 magis

132 2921 162 2979 in
185 2921 322 2995 exemplo
346 2920 480 2981 Oaiatino
514 2941 541 2981 n.
555 2922 605 2980 .15
634 2920 665 2980 id
695 2921 866 2997 ambiguum
897 2938 963 2980 esse
992 2924 1100 2996 potest.
1120 2906 1129 2912 ⁸
1150 2921 1255 2982 Rudiis

133 3026 234 3083 autem
258 3023 417 3111 manifesto
440 3019 559 3099 utrique
583 3024 795 3083 discernuntur
817 3024 847 3082 in
863 3024 885 3082 Ι.
901 3024 937 3089 M.
953 3025 1030 3084 445:
1055 3024 1158 3083 decor.
1174 3026 1254 3099 sing.

134 3125 186 3184 HS
197 3125 266 3184 .XA
290 3126 327 3183 N.
343 3124 638 3199 soporaremur.
656 3125 722 3184 XII
744 3127 780 3183 Ν.
806 3123 1117 3188 MercurialibosffS
1134 3125 1169 3184 X
1180 3127 1211 3183 N
1222 3171 1228 3184 .
1247 3171 1253 3186 .

132 3227 285 3287 Brundisii
308 3227 517 3304 Mercuriales,
545 3229 598 3304 qui
622 3246 681 3287 non
704 3232 775 3287 sunt
793 3228 985 3304 Augustales,
1006 3227 1201 3287 inveniuntur
1223 3230 1254 3288 in

132 3330 227 3390 titulis
250 3331 271 3389 l.
294 3329 330 3388 N.
353 3332 416 3389 466
438 3333 469 3390 et
491 3329 593 3390 4675.
606 3332 702 3391 Porro
725 3331 873 3390 Luceriae
888 3329 1083 3406 Apollinares
1106 3334 1136 3388 et
1150 3330 1253 3406 Augu·

132 3432 221 3493 stales
244 3432 377 3492 intcrse
400 3431 587 3509 discrepasse
611 3451 677 3492 cum
701 3451 737 3492 ex
760 3433 825 3508 ipso
848 3451 877 3492 n.
895 3435 933 3492 18
956 3432 1029 3492 satis
1045 3432 1168 3510 eluceat,
1191 3437 1253 3492 tum

133 3533 337 3594 demonstrant
360 3536 382 3593 1.
404 3535 524 3600 Ν.,959
548 3540 578 3594 et
600 3538 671 3612 960,
695 3535 744 3594 ubi
760 3535 952 3612 Apollinares
974 3532 1054 3594 nude
1078 3552 1251 3595 commemo·

132 3639 244 3696 rantur.
288 3637 333 3696 Ao
356 3655 394 3695 ne
421 3637 538 3696 Patavii
561 3637 680 3714 quidem
704 3655 770 3696 oum
802 3636 1047 3697 Concordialibus
1069 3637 1253 3712 Augustales
1266 3647 1450 3726 Concordlales
1496 3684 1500 3691 .

132 3739 219 3814 plane
243 3740 419 3800 coniunctos
442 3739 534 3798 fuisse
549 3741 710 3800 Hennenus
734 3743 815 3799 recte
831 3740 951 3799 videtur
969 3735 1146 3810 statuisse.²)
1189 3741 1253 3798 Pri·
1306 3718 1405 3767 Patavi.

133 3859 210 3900 mum
245 3841 322 3901 enim
352 3843 521 3917 complures
553 3842 697 3902 habemus
729 3842 943 3902 Concordiales
975 3841 1054 3900 nude
1092 3840 1140 3919 (V,
1163 3845 1254 3903 2307.

132 3919 339 4004 aeramen.
371 3947 462 4005 ussa.
487 3947 578 4005 nera.
608 3938 719 4022 cerr),
746 3943 855 4003 rernm
886 3944 916 4002 in
949 3963 977 4002 n.
1000 3946 1039 4001 21
1072 3961 1139 4002 eum
1169 3947 1255 4020 pater

132 4045 248 4105 dicatur
274 4045 361 4105 Corte.
385 4047 529 4120 August,
553 4046 613 4106 filio
636 4047 717 4106 solus
740 4047 881 4126 tribuitur
907 4045 1117 4104 Corwordr'olis
1140 4046 1254 4121 titulus,

131 4147 203 4224 sed,
227 4151 260 4208 ut
282 4127 370 4227 in'V,
396 4152 495 4227 2307,
528 4150 623 4224 spatio
656 4149 758 4209 relicto
789 4142 838 4207 ad'
858 4147 1253 4222 maiorem-Augustalitatis

219 4294 240 4358 ¹)
256 4291 316 4346 Hoc
334 4293 396 4346 loco
415 4294 497 4361 plane
510 4293 654 4348 consentio
672 4308 734 4347 curn
746 4291 900 4359 Borghesio
920 4307 947 4358 p.
963 4295 1008 4344 107
1027 4289 1094 4345 inde
1112 4306 1129 4344 a
1145 4291 1253 4346 verbis:

132 4376 285 4446 laqueato
305 4394 371 4433 coro
391 4420 396 4431 .
416 4417 422 4431 .
441 4392 531 4446 usque
549 4378 599 4431 ed:
620 4418 626 4431 .
645 4415 652 4431 .
670 4393 715 4433 ma
733 4393 790 4431 non
809 4377 959 4431 oiceversa.

216 4464 237 4527 ²)
256 4479 282 4531 p.
296 4466 353 4517 210.
