3180 5370
1125 401 1183 462 117
1266 438 1272 450 ·

60 573 199 633 condicio
221 575 322 651 aliqua
344 576 462 635 ratione
484 574 674 653 adumbravi,
696 578 790 635 restat
812 581 845 636 nt
865 576 939 636 iuris
961 576 1073 653 publici
1097 593 1182 653 prae·

59 679 149 754 cepta
172 694 319 754 quaenam
355 676 393 735 ad
423 695 475 738 eos
497 673 625 738 maxime
657 679 857 755 pertinuerint
885 678 1094 739 demonstrem.
1138 682 1182 740 Ac

58 779 155 858 primo
178 779 313 857 quidem,
346 781 486 857 quoniam
509 800 526 840 e
554 781 721 863 sacerdotio
744 782 875 859 Augusti
897 782 1103 859 Augustalitas
1132 802 1182 843 ex·

58 881 176 943 ordinm
199 883 287 959 cepit,
310 883 339 941 iu
363 884 478 942 seviros
501 885 621 943 mutatis
644 884 796 944 mutandis
820 884 922 944 eadem
938 883 1003 944 fere
1018 886 1086 945 iura
1100 886 1182 946 rale-v

57 985 132 1044 bant
153 989 244 1062 atque
266 986 386 1044 omuino
418 986 448 1043 iu
471 985 653 1046 sacerdotes.
696 987 805 1047 Postea
826 989 926 1047 autem
949 1005 1017 1046 cum
1037 1005 1182 1072 ¹uumerus

57 1089 242 1147 sexvirorum
276 1105 399 1147 munere
429 1106 528 1147 annno
558 1088 766 1148 defunctorum
798 1091 997 1150 succrevisset
1027 1094 1057 1150 et
1086 1091 1206 1150 iustus·

58 1190 133 1250 ordo
157 1190 353 1269 constitisset,
376 1191 539 1250 secundnm
562 1195 656 1252 totam
679 1210 763 1251 suam
785 1193 930 1252 rationem
960 1197 990 1253 et
1018 1194 1049 1252 iu
1072 1193 1181 1253 civium

56 1293 200 1353 societate
231 1293 437 1353 condicionem
475 1311 541 1353 cnm
581 1295 793 1354 decurionibus
827 1295 877 1354 ille
912 1295 1033 1372 quidem
1069 1297 1181 1373 optime

56 1399 178 1473 poterat
201 1394 340 1456 conferri.
384 1397 524 1456 Attamen
546 1397 678 1474 legitime
700 1415 864 1474 permagno
887 1398 1058 1458 discrimine
1080 1400 1116 1458 ab
1140 1399 1181 1459 eis

57 1503 124 1558 erat
146 1503 290 1558 secretus.
326 1499 402 1558 Nam
425 1517 491 1557 cum
515 1499 726 1560 decurionibus
749 1519 786 1560 ex
802 1501 869 1576 lege
884 1504 1020 1577 potestas
1042 1505 1123 1561 esset
1145 1519 1180 1560 ac

55 1619 204 1662 summum
225 1601 255 1660 iu
278 1601 369 1660 rebus
390 1601 531 1677 gerendis
554 1606 751 1677 momentum,
783 1595 889 1662 contra
919 1604 1024 1662 seviris
1052 1603 1083 1663 in
1115 1606 1180 1664 iure

55 1704 179 1782 publico
211 1704 329 1762 omuino
362 1704 464 1763 nullus
493 1704 578 1764 locus
610 1708 682 1764 erat
727 1707 819 1765 Immo
842 1707 899 1765 hoc
922 1708 951 1765 in
974 1724 1085 1782 genere
1112 1725 1179 1766 eum

55 1807 162 1866 ceteris
185 1807 322 1882 collegiis
345 1808 371 1866 ei
394 1807 483 1883 plane
506 1812 687 1884 congruunt.
732 1808 790 1868 Sed
806 1809 930 1868 multum
956 1808 1031 1868 afuit
1054 1810 1180 1869 maxime

53 1911 154 1985 priore
178 1913 285 1987 aetate,
307 1914 340 1968 ut
363 1911 470 1969 ceteris
493 1911 627 1986 collegiis
650 1912 749 1987 opinio
773 1912 927 1988 popularis
948 1912 1016 1971 illos
1039 1912 1180 1972 adnume-

54 2017 144 2072 raret
188 2012 290 2086 Quare
312 2011 427 2072 ordinis
450 2013 570 2072 nomine
592 2014 665 2073 satis
688 2017 803 2074 mature
826 2032 877 2074 eos
892 2016 1061 2074 invenimus
1075 2015 1178 2092 appel·

56 2117 148 2191 latos,
177 2119 282 2173 contra
305 2114 423 2190 collegii
444 2114 623 2175 vocabulum
647 2119 681 2174 ut
702 2116 823 2177 omniuo
853 2135 922 2176 raro
945 2117 987 2175 ita
1009 2118 1104 2176 serius
1128 2117 1177 2178 de-

53 2236 133 2278 mum
164 2217 202 2277 de
224 2217 266 2276 eis
289 2214 488 2292 usurpatur.¹)
532 2218 650 2278 Deinde
679 2223 795 2288 antem,
829 2238 895 2279 cum
923 2221 1011 2279 etiam
1042 2219 1179 2279 instituta

54 2325 222 2381 ceterorum
246 2320 441 2395 collegiorum
464 2322 587 2398 propria
610 2322 709 2381 multis
738 2312 770 2380 iri
792 2322 909 2400 oppidis
931 2323 1126 2400 adoptassent
1149 2326 1178 2382 et

54 2423 288 2501 magistratibus,
310 2423 454 2501 patronis,
475 2442 547 2482 arca
569 2424 728 2503 communi,
750 2424 870 2504 familia,
892 2426 1037 2485 bonorum
1060 2442 1177 2507 posses·

52 2523 170 2599 sione²l
203 2526 246 2585 eis
268 2525 339 2585 iacti
361 2530 462 2586 essent
484 2528 639 2603 simillimi,
662 2528 766 2587 eadem
789 2545 861 2588 sane
884 2530 967 2606 iura,
997 2529 1106 2605 quibus
1127 2529 1178 2587 illa

51 2629 242 2705 tenebantur,
263 2629 352 2688 etiam
377 2630 406 2688 iu
429 2630 545 2688 seviros
569 2625 747 2706 Augustales
779 2634 845 2690 rata
876 2628 1006 2702 erant³l
1049 2633 1176 2691 Perver-

51 2732 168 2792 sissime
190 2731 284 2808 igitur
305 2732 459 2808 Zumptins
493 2735 594 2791 censet
626 2733 784 2810 privilegio
818 2733 942 2809 speciali
971 2750 1046 2811 opus
1074 2733 1178 2812 fuisse,

139 2930 159 2994 ¹)
177 2927 211 2982 cf.
224 2927 257 2994 V,
272 2931 346 2982 8818.
364 2927 415 2995 ΠΙ,
428 2931 492 2981 3481
515 2929 695 2996 [Mommseuo
712 2929 805 2984 iudice
817 2946 841 2984 a.
853 2946 881 2998 p.
894 2929 958 2984 Chr.
979 2934 1026 2984 138
1039 2930 1176 3000 scriptus,

50 3013 200 3068 strideas
229 3013 342 3067 titulum
371 3013 464 3067 Wilm.
487 3019 545 3069 944.
591 3015 710 3069 Videtur
731 3015 819 3084 igitur
848 3014 966 3069 Eckheli
990 3022 1177 3086 praeceptum,

50 3098 178 3168 quamvis
197 3113 292 3152 verum
311 3099 349 3153 sit
373 3100 403 3153 in
420 3099 524 3165 numia,
551 3116 606 3154 nou
622 3100 723 3169 utique
745 3100 839 3155 valere
862 3101 891 3154 iu
915 3100 1004 3155 titulis
1028 3101 1062 3155 cf.
1086 3103 1176 3157 doctr.

49 3184 233 3253 numor.V11,
251 3190 280 3240 3:
300 3185 404 3250 ‚.‚‚Pa·
414 3185 629 3258 appellationem
647 3186 779 3258 deinceps
798 3187 825 3239 in
843 3186 934 3240 narnis
951 3191 1113 3242 constanter
1125 3187 1174 3241 da-

49 3275 178 3326 rataram
196 3271 334 3342 recipit..
354 3288 419 3326 ann.
439 3288 465 3325 a.
484 3288 506 3326 c.
525 3273 579 3326 891
597 3275 643 3339 (=
661 3274 715 3326 138
731 3289 759 3342 p.
774 3271 849 3337 Chr.)
865 3270 945 3331 ,nana
961 3271 1047 3325 multo
1063 3276 1175 3343 postea-

49 3372 134 3427 quam
152 3361 263 3410 mortno
282 3355 434 3411 Hadriano
452 3360 490 3424 (a.
504 3356 530 3410 d.
548 3355 729 3423 Visatur.)
746 3358 889 3427 imperinm
908 3357 986 3411 seins
1004 3358 1128 3427 tenuit.“]
1142 3389 1175 3397 —

49 3457 171 3512 empus:
197 3440 247 3509 lIl,
266 3445 341 3495 3016.
359 3441 381 3496 l.
400 3443 433 3497 N.
452 3447 484 3496 79
503 3442 578 3496 alibi.

134 3527 157 3593 ²)
175 3525 306 3580 Ceterum
325 3528 359 3581 de
379 3526 420 3581 his
439 3527 526 3581 rebus
544 3526 589 3581 hic
608 3526 692 3581 latius
711 3526 849 3581 disserere
862 3529 989 3582 consulto
1002 3527 1091 3597 omisi,
1109 3528 1176 3597 quia

48 3611 143 3680 potius
162 3611 197 3664 ad
216 3611 334 3680 collegia
351 3612 484 3667 universa
502 3628 584 3681 quam
603 3614 639 3667 ad
657 3612 825 3681 singularem
835 3609 1036 3682 Augustalium
1049 3619 1174 3668 naturam

48 3702 186 3766 spectant.
221 3697 320 3767 ltaque
345 3713 438 3752 earnm
466 3698 635 3766 disceptatio
652 3712 713 3752 meo
731 3698 877 3767 proposito
895 3714 951 3752 non
969 3698 1085 3753 multum
1104 3700 1174 3755 lucis

47 3781 197 3838 attulisset

133 3869 155 3935 ³)
172 3867 329 3937 Herzogius
347 3869 365 3922 l.
384 3869 401 3923 l.
422 3873 472 3922 203
490 3869 520 3923 id
537 3869 699 3923 interfuisse
727 3869 800 3922 dixit
822 3869 894 3922 iuter
921 3869 1028 3923 seviros
1045 3869 1121 3937 Aug.
1145 3876 1175 3925 et

45 3952 153 4022 reliqua
171 3953 299 4022 collegia,
319 3954 393 4022 quod
412 3954 459 4022 qui
478 3960 507 4008 et
524 3954 599 4009 sevir
611 3949 688 4023 Aug.
708 3958 737 4008 et
755 3961 919 4022 corporatus
931 3954 1049 4008 alicuius
1062 3955 1174 4025 collegii

46 4038 176 4108 opificum
194 4044 278 4106 esset,
296 4055 351 4092 uon
371 4045 513 4093 teneretur
537 4055 569 4093 ea
594 4039 673 4108 lege,
698 4054 771 4109 qnae
796 4039 909 4093 vetabat
926 4054 1091 4108 quemqnam
1110 4041 1174 4109 plns

45 4139 130 4179 uuum
148 4124 249 4178 habere
267 4124 417 4193 collegium
435 4125 479 4191 (L.
496 4129 506 4176 t
521 4125 560 4194 §t
583 4124 647 4193 Dig.
662 4124 696 4177 de
715 4125 778 4178 coll.
791 4130 819 4178 et
837 4128 926 4193 corp.)
960 4123 1015 4178 Sed
1033 4122 1101 4178 haec
1118 4126 1173 4193 lex,

45 4209 153 4278 opinor,
175 4224 231 4263 uon
258 4215 368 4278 spectat
390 4209 445 4265 uisi
469 4209 505 4263 ad
523 4209 644 4278 collegia
669 4210 842 4264 funeraticia.
877 4210 945 4264 Nam
964 4210 1012 4278 qui
1030 4217 1175 4279 percurret

45 4310 72 4348 v.
94 4309 118 4348 c.
141 4295 238 4348 tibulos
262 4293 480 4363 Lugdunenses,
505 4295 631 4351 inveniet
655 4295 769 4349 aliorum
793 4294 972 4365 collegiorum
996 4296 1078 4350 simul
1100 4312 1172 4353 com·

44 4377 167 4449 plurium
186 4379 276 4434 socios
294 4378 369 4434 haud
388 4393 502 4449 paucos.
