3142 5138
1215 505 1287 601 21-

181 674 207 732 7.
230 715 260 731 ..
292 671 326 745 Q.
348 670 457 755 Atilius
487 673 640 750 Eutyches
667 677 709 736 VI
735 674 782 734 vir
803 676 881 753 Aug.

290 793 315 834 c.
337 774 366 834 d.
388 774 416 835 d.
438 768 579 856 orna[m.]
604 768 728 857 d[e)c..
771 823 778 838 .
822 821 829 837 .
872 823 880 839 .
911 780 947 857 V,
963 782 1055 841 5844.
1117 796 1268 858 Meam

179 881 208 938 8.
229 919 259 935 ..
281 875 433 965 largitius)
462 883 508 938 est
536 869 643 960 [A]ug.
672 901 696 941 o.
719 881 746 941 d.
769 881 797 941 d.
821 881 880 942 HS.
1148 901 1187 960 ni,

290 974 662 1062 O...Aug.c.d[d]
718 986 1054 1062 ....V,8922.

179 1085 355 1142 9—11.=
377 1101 406 1160 p.
431 1088 469 1145 18
493 1101 516 1143 6.
538 1103 567 1143 ιι.
589 1088 639 1145 44.
661 1087 711 1146 46.
733 1088 783 1145 46.

220 1186 421 1246 Mommsenus
442 1185 562 1263 quidem
577 1187 645 1248 illas
668 1188 784 1248 litteras
807 1205 831 1248 c.
854 1190 883 1248 d.
907 1189 937 1247 d.
961 1187 1002 1262 (ιι.
1025 1192 1053 1248 2.
1077 1192 1104 1249 3.
1128 1191 1156 1250 5.
1180 1193 1207 1249 6.
1231 1192 1258 1250 7.
1288 1182 1331 1259 De
1348 1197 1435 1230 eorum

122 1286 176 1360 .8.)
202 1317 245 1327 -
272 1306 350 1366 quae
373 1307 433 1365 quo
456 1289 543 1349 modo
567 1291 674 1350 melius
696 1290 910 1369 possintsolvi
934 1309 1032 1369 quam,
1054 1295 1087 1352 ut
1107 1291 1159 1351 ille
1175 1291 1258 1352 iecit:
1281 1257 1434 1382 preliiigie.

136 1394 260 1450 creatur
289 1391 483 1451 decurionum
505 1392 645 1472 decreto,
676 1397 794 1470 egomet
822 1413 883 1453 non
914 1393 1002 1454 video
1032 1424 1076 1434 —
1103 1393 1142 1452 ad
1168 1397 1260 1454 toturn

136 1495 294 1554 formulam
320 1496 472 1554 serviret
495 1495 570 1569 Aoo.
594 1496 643 1555 vel
664 1498 767 1579 soxoo'r
789 1495 865 1570 Aoo.
890 1496 1005 1556 rettulit
1019 1489 1053 1575 ¹).
1100 1495 1159 1556 Sed
1182 1497 1261 1566 tituli
1308 1484 1310 1487 ’

136 1617 164 1656 n
189 1602 215 1658 1.
236 1600 265 1657 4.
288 1601 316 1658 8.
344 1597 506 1657 certissime
530 1599 600 1658 mihi
623 1598 762 1659 videntur
788 1601 957 1677 postulare,
988 1602 1022 1659 ut
1053 1599 1083 1659 in
1114 1599 1260 1673 omnibus,

135 1683 213 1777 quos
238 1699 325 1762 modo
353 1701 515 1779 proposui,
545 1720 605 1761 non
635 1701 673 1761 de
703 1702 835 1762 seviratu
859 1701 912 1761 sed
934 1702 972 1762 de
993 1702 1259 1780 AugustaIItatea
1371 1715 1380 1730 ·

136 1801 356 1878 decurionibus
370 1802 470 1862 delata
492 1805 540 1880 agi
563 1808 737 1864 statuamus.
779 1805 856 1864 Nam
879 1822 945 1863 oum
968 1805 998 1864 in
1020 1804 1067 1864 his
1089 1804 1184 1864 tribus
1199 1821 1259 1864 non

136 1903 173 1964 de
203 1905 309 1965 seviris
337 1904 391 1966 sed
421 1907 516 1965 solum
547 1906 584 1966 de
615 1907 833 1984 Augustalibus
860 1907 898 1966 ab
922 1907 1031 1972 'ordine
1063 1906 1259 1967 decurionum

136 2007 244 2068 creatis
281 2008 489 2068 testimonium
523 2009 621 2068 inesse
661 2009 764 2085 negari
802 2001 980 2087 nequeat),
1017 2009 1104 2069 etiam
1142 2014 1260 2071 ceteros

135 2109 274 2200 nlmirum
321 2110 486 2170 simillimos
524 2110 562 2170 ad
606 2129 708 2171 eorum
750 2130 884 2172 normam
929 2111 1149 2189 intellegendos
1193 2130 1259 2174 esse

135 2212 185 2273 vix
216 2215 305 2272 eruut
340 2214 393 2290 qni
428 2232 488 2272 non
522 2213 698 2274 concedant.
751 2213 854 2291 Atque
888 2214 990 2273 nescio
1021 2234 1061 2274 an
1092 2215 1136 2274 ita
1172 2215 1259 2274 etiam

106 2386 110 2390 .
136 2315 284 2374 sublatum
308 2313 365 2375 dici
387 2316 490 2394 possit,
512 2317 592 2393 quod
615 2318 829 2377 Mommsenum
846 2317 945 2394 movit,
968 2319 1001 2376 ut
1021 2335 1118 2394 genus
1138 2315 1258 2377 dicendi
1297 2316 1298 2319 ’
1332 2395 1336 2399 .

135 2416 243 2477 horum
265 2418 419 2478 titulorum
442 2419 610 2496 castigaret
642 2419 742 2484 Dicit
771 2419 864 2495 enim,
887 2423 1032 2489 „creator
1062 2420 1259 2479 decurionum

137 2521 269 2603 decreto,
304 2520 362 2580 hoc
396 2519 569 2599 displicere,
602 2539 669 2580 cum
696 2521 770 2580 nihil
800 2522 955 2599 proprium
985 2522 1082 2580 creati
1114 2521 1258 2583 vocabulo

135 2614 339 2695 adiciatur“³).
382 2623 439 2698 At,
463 2624 590 2690 maxime
611 2623 643 2682 in
672 2642 701 2684 n.
724 2626 752 2684 5.
775 2627 803 2684 6.
826 2627 853 2684 7.
868 2643 943 2688 non
969 2625 1062 2684 seoiri
1083 2624 1154 2694 (et)
1178 2624 1258 2698 Aoo.

135 2724 277 2786 dicuntur
314 2725 507 2785 decurionum
538 2707 659 2786 decreto
694 2727 802 2804 creati,
830 2726 884 2786 sed
913 2727 1004 2786 seoiri
1032 2725 1170 2786 ridentur
1199 2725 1257 2785 dici

135 2829 322 2902 flamminius
344 2829 437 2888 creati
460 2827 598 2902 assetus.
620 2829 708 2888 etiam
731 2848 760 2888 n.
781 2826 823 2902 4).
866 2828 959 2889 Simul
982 2829 1118 2905 sequitur
1145 2831 1178 2887 ut
1206 2827 1256 2887 ad·

102 2959 103 2963 ,
134 2932 499 2992 versemur'coniecturae
522 2933 704 3007 Mommseni‚
726 2931 787 3010 qui,
810 2931 892 3008 qnod
912 2933 943 2990 iu
966 2931 1070 2991 sevirIs
1092 2930 1257 2992 Iunioribus

134 3033 204 3092 talia
226 3032 428 3093 additamenta
450 3054 510 3094 non
534 3038 710 3112 occurrunt,
738 3034 805 3093 illos
829 3053 889 3093 non
911 3038 970 3093 tam
994 3034 1116 3094 decreto
1140 3033 1255 3093 decuri-

124 3154 224 3224 -onum
247 3155 335 3213 quam
358 3137 416 3196 alio
439 3136 536 3215 modo,
559 3141 632 3215 puta
648 3138 848 3214 cooptatioue,
870 3142 987 3197 creatos
1002 3155 1068 3196 esse
1084 3138 1254 3215 suspicatus

222 3353 241 3418 ¹)
258 3351 283 3405 v
302 3368 329 3419 p.
348 3355 407 3404 cae.

219 3437 242 3506 ²)
259 3437 320 3490 Hoc
339 3435 460 3506 quidem,
477 3440 509 3490 ut
526 3451 577 3505 par
595 3441 646 3504 est,
663 3437 861 3490 Mommsenum
883 3450 939 3488 non
963 3433 1045 3504 fugit.
1082 3435 1153 3500 Quin
1172 3434 1255 3489 etiam

134 3538 168 3577 eo
185 3538 353 3593 progressus
371 3527 423 3588 est,
437 3527 473 3592 'ut
490 3537 524 3576 ex
543 3521 634 3575 titulis
647 3518 879 3590 Aquileiensibus
897 3536 925 3574 n.
938 3526 961 3573 4.
980 3526 1008 3574 et
1025 3519 1059 3587 V,
1079 3523 1126 3574 sir
1146 3520 1185 3586 (in
1198 3535 1255 3588 quo

134 3608 191 3662 duo
202 3608 327 3662 homines
338 3607 516 3661 nominantur
532 3607 601 3660 alter
619 3607 726 3672 servir,
744 3607 814 3660 alter
832 3605 994 3678 Augustalis
1012 3605 1038 3660 d.
1051 3605 1090 3670 d.)
1108 3605 1255 3659 conclude-

133 3699 177 3747 ret
200 3693 333 3756 „elterum
353 3723 387 3731 -
416 3693 479 3746 dico
502 3693 670 3761 Augustalis
693 3724 727 3732 -
750 3690 873 3746 officium
904 3691 994 3745 solum
1015 3691 1170 3745 iniunctum
1193 3704 1256 3744 esse

134 3780 239 3834 ordinis
262 3778 401 3833 decreto.“
444 3775 487 3831 At
509 3795 572 3832 mox
595 3777 669 3831 mibi·
684 3778 822 3833 concedes
846 3777 927 3831 aliam
945 3775 1187 3842 tumescentem,
1206 3791 1256 3829 cur

133 3863 205 3919 illud
228 3864 294 3919 ud.
312 3864 341 3918 in
360 3865 402 3918 bis
427 3864 517 3918 titulis
541 3864 705 3935 Augustalis
728 3863 834 3918 nomini
852 3872 985 3931 expresse
1007 3862 1172 3916 adiceretur.
1208 3859 1254 3914 Se·

32 3980 48 3988 ·
133 3948 186 4004 viri
203 3956 296 4004 eutem
315 3965 516 4017 cognoscemus
528 3949 589 4004 fieri
601 3964 658 4003 non
675 3949 803 4018 potuisse
821 3948 918 4016 quina
934 3946 1132 4002 decurionibus
1150 3947 1255 4016 ubique

134 4034 312 4104 eligerentur.
625 4039 630 4047 “
917 4042 918 4045 ’

218 4122 241 4189 ³)
259 4121 387 4176 Ceterum
412 4122 600 4176 Mommsenus
624 4121 705 4175 etiam
731 4135 763 4174 eo
782 4120 886 4174 offendi
910 4118 1014 4187 potuit,
1043 4118 1118 4186 quod
1142 4116 1255 4171 omnino
1351 4110 1355 4122 ⁴

58 4246 61 4252 .
133 4205 202 4259 illud
227 4212 339 4262 creatos
357 4207 384 4260 d.
398 4206 423 4260 d.
441 4207 469 4260 in
488 4207 531 4260 his
554 4207 650 4274 paucis
673 4206 763 4260 titulis
781 4205 922 4258 adiectum
940 4209 992 4271 est,
1011 4203 1139 4272 quoniam
1158 4217 1255 4256 omnes

134 4291 241 4346 seviros
260 4307 276 4345 a
293 4292 491 4347 decurionibus
509 4291 600 4345 iactos
618 4306 680 4346 esse
699 4321 731 4329 -
749 4290 861 4344 omissis
880 4289 1038 4344 iunioribus
1055 4287 1253 4342 Mediolanien-

134 4374 212 4431 sibus
233 4377 282 4444 (of.
299 4377 334 4445 V,
352 4393 378 4444 p.
405 4380 477 4430 1198.
499 4376 614 4431 Hermes
632 4375 709 4441 XIII,
737 4379 783 4428 ris
807 4375 870 4428 adn.
893 4378 931 4442 4.)
958 4380 987 4428 et
1010 4373 1111 4431 seviris
1136 4367 1253 4441 Aquile-

131 4461 259 4518 iensibus
275 4459 323 4530 (ci.
341 4462 403 4516 adn.
423 4465 458 4530 I.)
475 4493 508 4500 -
526 4461 555 4516 iu
573 4460 735 4516 uuiversum
752 4475 810 4514 non
828 4466 920 4529 negat.
