3142 5138
331 371 372 430 42

252 599 258 603 ,
330 563 451 621 quicque
480 545 564 604 initio
588 544 625 603 ad
649 551 778 621 tempus,
800 547 829 605 in
851 547 921 604 anni
945 547 1072 623 spatium
1096 546 1177 623 dice,
1200 565 1266 607 esse
1288 548 1451 607 institutos.

329 639 461 706 Primum
492 649 595 723 paucis
626 648 728 723 eisque
758 648 953 707 meritissimis
983 648 1097 709 honore
1126 650 1294 725 perfunctis
1325 651 1400 710 iura'
1422 654 1452 709 et

330 755 504 809 ornamenta
527 750 647 810 honoris
669 749 699 808 in
716 769 803 810 omne
818 751 896 810 vitae
911 755 1028 828 tempus
1044 751 1222 813 decuriones
1237 756 1449 830 prorogarunt.

329 852 388 926 Qui
418 854 604 927 Augustales
630 854 776 926 perpetui
803 854 943 929 appellati
974 858 1059 932 sunt,
1090 855 1202 915 scilicet
1229 858 1263 915 ut
1284 857 1321 915 ab
1345 856 1452 915 annuis

329 957 550 1032 separarentur.
599 956 671 1015 llex
701 959 800 1014 antem
830 957 966 1015 omnibus
995 956 1212 1033 Augustalibus
1240 957 1368 1037 insignia
1390 957 1451 1017 Au-

328 1058 510 1134 gustalitatis
532 1059 563 1116 in
586 1061 763 1134 perpetuum
786 1058 950 1117 concedere
973 1058 1003 1117 in
1027 1078 1137 1119 morem
1161 1061 1251 1120 venit.
1279 1061 1317 1118 ut
1338 1060 1376 1119 ab
1398 1059 1451 1119 illo
1518 1062 1531 1080 ⁸

328 1165 462 1236 tempore
497 1160 678 1236 Augustales
713 1161 848 1236 perpetui
884 1161 933 1218 vel
963 1162 1201 1239 evanescebant,
1238 1161 1287 1221 vel
1326 1167 1404 1221 certe
1435 1181 1454 1220 a

329 1265 435 1323 ceteris
457 1281 517 1322 non
541 1263 719 1322 differebant
741 1264 801 1322 nisi
819 1264 948 1323 nominis
970 1264 1092 1324 honore.
1398 1271 1400 1275 '

133 1370 315 1434 Augustalicii.
414 1366 499 1439 Qurae
519 1383 586 1424 cum
607 1367 648 1423 ita
668 1367 739 1441 sint,
763 1382 799 1425 ne
823 1363 951 1438 eorum¹)
975 1365 1093 1442 quidem
1117 1367 1287 1442 diligentiae
1310 1370 1369 1443 est,
1400 1383 1454 1425 cur

329 1467 506 1544 diffidamus,
528 1467 580 1543 qui
601 1469 632 1526 in
648 1467 736 1527 titulo
759 1468 981 1544 Oelleni.prope
998 1469 1152 1527 Viterbum
1167 1472 1287 1544 reperte
1308 1470 1453 1545 seriptum

254 1576 256 1580 “
329 1588 393 1630 esse
408 1570 545 1628 tradunt:
569 1570 827 1629 decurionatus..
849 1571 1094 1644 Augustalium..
1115 1569 1216 1644 putebat
1238 1572 1321 1629 iutra
1336 1587 1463 1639 murum*

328 1670 554 1731 habitantibus..
590 1673 676 1732 Enim
710 1690 784 1732 vero
813 1678 847 1731 ut
876 1673 1004 1732 aedilicii
1034 1674 1184 1750 dicuntur,
1222 1674 1273 1749 qui
1302 1673 1453 1733 aedilitate

328 1774 475 1848 abierunt,
499 1776 540 1833 ita
556 1756 756 1849 Augustaliaii
778 1777 882 1834 merito
899 1775 1050 1853 dicuntur,
1072 1777 1124 1852 qui
1139 1776 1314 1852 Augustalis
1330 1793 1453 1835 munere

240 1870 243 1883 '
328 1895 428 1936 annuo
450 1877 601 1952 perfuncti
630 1881 708 1936 sunt.
738 1878 857 1954 lltaque
879 1895 989 1936 novum
1013 1877 1129 1937 accedit
1151 1877 1369 1954 documentum,
1392 1896 1453 1954 quo

328 1967 519 2039 confirmetur
533 1981 687 2056 proprium
704 1981 915 2052 Augustalium
930 1980 1072 2039 honorem
1089 1980 1182 2039 fuisse
1198 1998 1330 2039 annuum
1355 1999 1451 2056 eoque

328 2081 502 2158 perfunctos
523 2083 555 2141 in
577 2083 712 2142 ordinem
734 2082 945 2159 Augustalium
963 2071 1139 2142 'tramissa⁴
1215 2139 1221 2148 ,

854 2333 869 2396 s
889 2333 927 2382 13.

504 2449 546 2503 De
564 2466 679 2504 raumara
699 2449 896 2519 Augustalium
915 2450 1094 2504 sacerdotum
1113 2466 1280 2522 aauuoram.

141 2597 191 2644 Sex
209 2597 310 2645 suerunt
413 2580 521 2646 Restat,
547 2581 580 2636 ut
610 2595 804 2655 quaeramus,
841 2582 939 2638 utrum
973 2563 1097 2641 numere
1134 2579 1238 2637 saltem
1269 2578 1452 2652 Augustales

135 2665 312 2782 ἓξῇξέζᾚ·
325 2681 417 2740 annui
438 2681 606 2739 aseaairr's
627 2681 734 2739 annuis
757 2679 895 2740 different
914 2699 953 2739 au
977 2699 1046 2741 non.
1089 2680 1246 2757 Equidem,
1269 2685 1301 2740 ut
1315 2681 1453 2756 protinus

329 2802 422 2843 meam
456 2783 632 2843 sententiam
669 2784 847 2859 exprimam,
884 2784 971 2842 etiam
1006 2784 1036 2842 in
1066 2784 1122 2842 hac
1152 2800 1185 2842 re
1215 2783 1245 2841 in
1280 2783 1452 2842 universum

279 2932 280 2939 ,
329 2889 473 2962 utrosque
489 2887 679 2946 ‘convenisse
709 2904 884 2962 persuasum
914 2885 1019 2945 habeo.
1077 2884 1125 2944 Ad
1156 2905 1244 2962 quam
1273 2885 1453 2945 sententiam

252 3029 254 3034 ·
328 2988 581 3064 comprobandam
602 2990 730 3064 primum
752 2987 923 3064 generalius
946 2992 1154 3064 argumentum
1176 2989 1307 3047 afferam.

124 3107 315 3169 Argumentum
412 3091 549 3167 Namque
585 3092 723 3168 Eggerus
756 3109 824 3150 cum
856 3091 886 3148 in
921 3089 1091 3167 appendice
1123 3089 1205 3168 libri,
1237 3108 1326 3167 quem
1360 3108 1452 3168 supra

152 3175 303 3237 generalius.
328 3192 462 3252 laudavi:
494 3211 618 3253 examen
648 3193 775 3269 critique
807 3192 860 3252 des
888 3192 1048 3252 historiens
1078 3193 1200 3252 anciens
1223 3188 1308 3264 etc.²)
1338 3193 1451 3268 primus

328 3295 525 3370 suspicionem
555 3296 712 3371 movisset,
744 3314 814 3355 num
844 3295 921 3355 forte
948 3296 1135 3370 imperatoris
1162 3294 1260 3355 edicto
1282 3294 1451 3355 institutum

328 3397 557 3473 Augustalitatis
578 3398 817 3475 permunieipia
831 3397 934 3457 Italiae
950 3398 1234 3475 provinciarumque
1250 3400 1451 3474 propagatum

269 3554 279 3561 .
328 3505 421 3577 esset,
453 3501 581 3577 Zumptii
609 3499 730 3577 quidem
756 3518 881 3577 gravem
902 3500 996 3559 ,subiit
1019 3495 1310 3577 vituperationem3).
1354 3499 1451 3572 Quam

328 3606 361 3661 ut
382 3603 554 3678 repelleret,
584 3604 614 3662 in
643 3603 699 3662 hac
728 3604 852 3662 materia
879 3599 1101 3674 retractanda4)
1125 3602 1226 3683 multis
1248 3601 1347 3661 allatis
1370 3601 1451 3661 testi-

327 3706 446 3783 moniis,
468 3724 547 3782 quae
569 3705 657 3764 facile
679 3708 726 3765 est
747 3723 874 3782 augere,
896 3705 947 3764 ille
971 3703 1200 3781 demonstravit,
1223 3707 1336 3779 quanto
1359 3721 1450 3780 opere

327 3826 375 3868 res
406 3807 633 3883 municipiorum
659 3812 846 3867 remotorum
874 3807 1089 3866 minutissimae
1111 3806 1338 3882 imperatoribus
1361 3823 1451 3865 curae

326 3909 461 3970 fnissmrt.
501 3911 546 3969 Ac
568 3928 607 3969 ne
630 3909 843 3985 Marquardtus
865 3909 1000 3985 quidem,
1023 3909 1159 3984 quamvis
1181 3907 1218 3967 de
1240 3907 1337 3968 edicto
1359 3908 1450 3983 impe·

326 4014 435 4072 ratoris
465 4013 522 4072 hoc
551 4012 618 4071 loco
654 4030 713 4071 non
738 4029 819 4090 ,esse
864 4009 1055 4087 cogitandum
1093 4010 1229 4085 Zumptio
1266 4008 1452 4087 concederet,

415 4261 436 4324 ¹)
453 4259 521 4312 Mur.
538 4275 566 4328 p.
579 4262 654 4325 2026,
673 4262 696 4312 6.
709 4263 738 4326 (e
751 4226 861 4312 schedis
873 4256 966 4326 Pigb.)
977 4257 1059 4310 Febr.
1077 4261 1135 4322 486,
1157 4242 1212 4310 163.
1311 4258 1334 4320 ²)
1351 4272 1377 4323 p.
1392 4259 1449 4326 375.

413 4347 435 4410 ³)
454 4363 483 4415 p:
496 4349 526 4400 16
544 4344 606 4398 adn.
625 4349 648 4397 3.
820 4346 843 4410 ⁴)
860 4356 948 4397 revue
965 4341 1083 4399 arohdol.
1102 4341 1152 4409 lli,
1171 4345 1219 4396 787
1233 4356 1270 4413 ss.
