3142 5138
338 446 379 509 48

336 622 425 679 stolis
454 620 600 697 singulari
629 639 755 682 numero
785 621 879 681 solnm
907 622 957 681 vel
986 622 1149 698 praecipue
1178 621 1250 697 poni
1278 620 1317 679 ad
1347 620 1461 681 ordinis

337 724 450 782 socium
473 724 530 781 iam
553 722 728 783 defunctum
752 725 884 784 seviratn
907 713 1144 799 significandum.
1193 723 1284 784 (iuius
1306 725 1349 783 roi
1371 742 1460 802 argn-

338 829 436 885 menta
464 825 603 901 speciosa
632 825 824 886 continentur
853 826 948 886 titulis
975 825 1135 903 Aquinati:
1179 826 1212 886 L.
1244 825 1360 885 Vettius
1382 825 1416 884 L.
1435 827 1459 911 Ι.
1547 860 1549 867 ,

336 927 417 986 Eros
450 927 552 988 Maior
584 929 666 987 sevir
706 929 772 987 iter.
805 925 1004 1003 sapasim]
1035 929 1126 1002 prim.
1160 972 1200 988 ..
1231 928 1331 987 Wilm.
1364 931 1461 1006 20483

336 1031 522 1090 Pollentino:
544 1073 577 1089 ..
600 1027 741 1104 [schoir
755 1027 849 1105 Aulq.
867 1028 954 1104 colli.
971 1028 1122 1104 etusldem
1141 1037 1268 1090 curator
1286 1032 1363 1104 idem
1372 1035 1460 1104 potr.

337 1129 426 1208 com.
455 1131 542 1206 fabr.
579 1134 655 1207 Any.
691 1130 754 1206 bia[
756 1131 902 1206 ollarias]
912 1126 937 1212 ¹)
967 1135 1007 1209 V,
1031 1137 1130 1210 76183
1167 1151 1296 1209 quocum
1324 1132 1462 1193 conferas

337 1236 527 1295 Telesinam:
550 1280 556 1294 .
579 1279 586 1294 .
608 1237 659 1294 aio
686 1234 805 1295 Castori
827 1238 959 1310 Aspare.
982 1233 1110 1309 [bisleli
1132 1279 1162 1295 ..
1184 1237 1206 1295 Ι.
1221 1237 1259 1294 N.
1274 1233 1366 1296 4889.
1403 1235 1461 1295 Hic

254 1393 261 1402 s
337 1338 434 1398 eidem
444 1339 577 1398 homines
589 1343 622 1398 ut
637 1339 809 1398 sacerdotes
822 1339 913 1398 annui
924 1339 1014 1397 acciri
1029 1337 1090 1411 (vei
1101 1340 1194 1398 centri
1204 1335 1295 1413 noy.)
1309 1339 1461 1416 appellan-

337 1446 395 1519 tur,
418 1444 523 1500 coutra
539 1458 605 1500 cum
622 1444 669 1500 est
685 1441 878 1517 exprimenda
894 1440 1032 1518 dignitas,
1048 1460 1138 1518 quam
1152 1442 1182 1500 in
1199 1441 1303 1501 ordine
1317 1441 1461 1518 obtinent,

338 1545 509 1619 repertore
530 1562 638 1613 nomen
660 1543 791 1620 ponitur.
835 1543 951 1608 Deinde
974 1543 1231 1620 incompluribus
1253 1543 1382 1620 oppidis,
1408 1543 1459 1602 ubi

337 1651 469 1724 praeter,
486 1647 614 1705 sevirum
644 1647 731 1706 etiam
762 1647 970 1720 decretalium
1000 1646 1077 1706 tituli
1104 1647 1212 1706 servati
1240 1650 1325 1724 sunt,
1354 1647 1460 1706 horum

337 1750 474 1826 plerique
496 1749 534 1808 ad
558 1754 690 1810 mortuos
712 1749 938 1826 pertiuentsut.
951 1748 1141 1809 manifestum
1164 1750 1216 1827 sit,
1238 1750 1368 1809 seviratu
1390 1749 1460 1807 iam·

266 1853 269 1862 ”
336 1853 450 1928 pridem
480 1851 654 1928 perfunctos
684 1852 1078 1928 nuncuper-inoperatum.
1121 1853 1167 1910 Ita
1188 1852 1329 1911 Taurinis
1353 1869 1459 1910 novem

337 1953 419 2034 quod
438 1955 552 2014 videam
569 1959 688 2014 exstant
702 1956 902 2028 cercirorum,
919 1960 985 2015 octo
998 1955 1207 2028 deportatione
1218 1955 1302 2031 tituli,
1317 1958 1407 2030 atque
1423 1972 1460 2013 en

337 2058 382 2116 his
404 2062 518 2134 septem
541 2063 621 2118 certe
644 2061 714 2118 sunt
735 2054 962 2129 m01·tnorum²).
1007 2057 1192 2118 Concordiae
1215 2057 1334 2117 circiter
1356 2056 1459 2115 decem

337 2159 480 2219 habemus
502 2161 649 2233 sevirum,
670 2164 824 2237 ¹quattuor
854 2162 903 2221 vel
926 2161 1060 2237 quinque
1084 2161 1296 2234 Anqustaliom
1318 2156 1460 2231 titulos3).

337 2263 383 2321 De
406 2262 514 2339 quibus
536 2261 612 2323 duos
634 2282 663 2322 n.
686 2265 769 2323 8654
792 2266 822 2322 et
845 2264 884 2323 55
907 2264 965 2322 iam
988 2280 1081 2340 supra
1102 2264 1240 2339 tractavi;
1268 2262 1319 2339 qni
1345 2265 1473 2348 restant,
1538 2256 1540 2260 ’

336 2368 398 2424 tres
427 2367 497 2423 sunt
527 2341 752 2440 postmortem
786 2366 882 2442 positi.
941 2366 1162 2441 Bagiennorum
1200 2369 1261 2424 tres
1299 2368 1461 2441 supersunt

336 2467 476 2542 acetrum,
498 2465 558 2527 duo
581 2468 792 2540 Aepurtdlium
814 2468 901 2544 tituli,
923 2472 1050 2544 uterque
1072 2467 1199 2527 hominis
1216 2455 1367 2535 'mortuiit
1411 2465 1459 2525 Ad

336 2569 393 2628 hoc
420 2569 525 2628 videas
554 2568 721 2630 Ostiensem
748 2571 847 2629 Wilm.
872 2572 966 2646 1729,
996 2569 1222 2644 Praenestinum
1245 2567 1345 2628 (in-H.
1369 2571 1461 2647 6093,

190 2684 278 2723 contra
336 2671 416 2732 alios.
467 2673 535 2732 Non
564 2673 669 2747 ignoro
699 2672 816 2748 quidem
850 2672 1035 2732 Concordiae
1057 2674 1273 2732 Mommsenum
1294 2672 1373 2731 inter
1395 2689 1459 2730 sex·

130 2743 416 2834 Mommsenumviros
444 2779 474 2835 et
501 2775 580 2834 inter
602 2774 784 2850 Augustales
813 2774 871 2834 hoc
901 2774 1060 2834 discrimen
1084 2774 1205 2851 secuse,
1235 2773 1323 2851 quasi
1344 2773 1386 2832 iili
1409 2773 1460 2834 ob·
1530 2816 1532 2821 -

334 2877 494 2937 timuissent
511 2877 621 2936 ⁴iocum
649 2877 879 2937 honoratiorem.
938 2877 987 2935 Ad
1021 2895 1110 2953 quam
1145 2877 1315 2953 opinionem
1351 2876 1459 2936 ductus

336 2984 381 3039 est
404 2997 470 3039 cum
493 2998 543 3056 eo,
565 2979 647 3054 quod
670 2979 748 3039 inter
769 2980 883 3037 serires
905 2979 1076 3039 inveniebat
1098 2978 1174 3038 dnos
1196 2980 1355 3056 ingenuus,
1380 2979 1460 3038 inter
1529 3036 1530 3040 ,
1552 3029 1557 3038 .

336 3081 513 3156 dorostolon
544 3082 675 3159 nullum,
705 3085 767 3140 tum
797 3081 883 3141 titulo
907 3083 990 3142 8654
1018 3080 1067 3154 (cf.
1090 3074 1203 3160 8655),
1230 3085 1263 3140 nt
1285 3082 1315 3140 iu
1340 3098 1399 3156 quo
1423 3079 1460 3139 de

197 3251 198 3258 ἵ
337 3183 453 3244 dnobus
483 3184 651 3244 hominibus
681 3185 765 3261 prior
797 3184 841 3241 VI
857 3185 919 3257 vir,
951 3185 1027 3244 alter
1049 3184 1460 3258 deportatis*nominaretur

229 3336 231 3341 .
326 3269 382 3346 'Ac
405 3286 441 3346 de
464 3286 521 3346 hoo
544 3286 664 3363 quidem
687 3287 772 3347 titulo
795 3287 868 3363 quid
891 3288 955 3363 ipse
977 3286 1101 3346 sentiam
1118 3305 1210 3364 supra
1224 3287 1358 3364 exposui.
1395 3286 1459 3345 Nec

336 3388 426 3448 nolim
458 3390 646 3466 supprimere
673 3390 760 3448 aliam
789 3390 1007 3467 coniecturam,
1038 3408 1098 3466 qua
1128 3388 1286 3473 difficultas
1316 3373 1343 3447 ei
1369 3389 1460 3447 insita

335 3472 406 3549 item
436 3492 531 3551 dirimi
561 3492 664 3569 possit.
715 3494 857 3551 Fortasse
883 3492 961 3551 enim
990 3491 1110 3551 diversa
1147 3493 1267 3552 nomina
1299 3495 1460 3567 propterea

336 3597 483 3670 usurpata
510 3580 593 3670 sunt,
625 3593 706 3671 qnod
738 3594 813 3654 alter
844 3595 933 3654 etiam
963 3599 1035 3655 tunc
1068 3595 1199 3654 seviratu
1229 3594 1349 3671 proprie
1380 3592 1458 3653 dicte

335 3695 533 3775 fungebatur,
566 3697 640 3757 alter
668 3696 863 3773 iampridem
886 3697 916 3756 iu
940 3697 1072 3758 ordinem
1095 3697 1268 3756 intraverat.
1287 3733 1290 3743 ,
1311 3697 1458 3756 Nimirum

336 3799 385 3857 cui
407 3799 529 3876 regulae
552 3818 690 3876 quaeque
713 3800 849 3876 exempla
872 3799 931 3859 sint
961 3798 1151 3876 subicienda,
1182 3818 1272 3880 saepe
1303 3803 1385 3858 certo
1416 3797 1459 3856 di·

335 3900 462 3961 iudicari
483 3903 595 3977 nequit.
639 3903 777 3964 Ceterum
800 3920 870 3962 casn
894 3901 1005 3963 iactum
1021 3920 1085 3963 esse
1104 3905 1212 3979 potest,
1235 3905 1268 3960 ut
1282 3901 1459 3975 Aoqastclr‘r
1551 3913 1554 3923 ’

423 4169 445 4235 ¹)
463 4167 535 4220 sive:
555 4166 698 4234 eiusldem
708 4170 853 4238 panosus
870 4170 922 4221 etc.
941 4164 1140 4235 Supplementa
1150 4165 1251 4233 partim
1268 4167 1336 4219 sunt
1346 4164 1457 4218 Momm-

336 4250 397 4306 seni
442 4253 523 4307 artim
540 4267 608 4307 mea.
1157 4266 1159 4270 ⁴

399 4268 444 4405 ’ξ
461 4336 495 4403 V,
515 4342 589 4393 7013.
609 4343 683 4392 7014.
702 4344 776 4393 7017.
796 4343 869 4393 7023.
890 4342 963 4392 7025.
982 4341 1057 4392 7029.
1077 4341 1151 4392 7031.

421 4426 444 4489 3)
463 4423 497 4490 v,
519 4428 591 4477 rasa.
612 4426 684 4477 reas.
703 4428 779 4478 scos.
796 4454 829 4462 -
849 4428 1020 4479 sessores.
1191 4425 1215 4489 ⁴)
1232 4422 1266 4490 V,
1288 4426 1362 4476 rece.
1382 4427 1457 4476 rere.
