3142 5138
131 1261 172 1308 De
185 1275 227 1308 ara
236 1261 302 1308 Nar-

165 1328 283 1378 bonensi.

321 460 381 521 124
403 442 411 457 '

404 633 433 694 Si
457 634 533 693 euim
556 637 772 712 postmortem
791 634 925 712 Augusti
947 633 1053 694 titulus
1075 639 1154 695 esset
1176 638 1338 713 exaratus,
1360 636 1448 695 corta

322 739 389 797 Divi
411 738 540 813 Aapusti
560 738 640 798 foret
662 738 783 797 dictum.
814 798 817 803 ,

383 845 410 902 2.
432 841 510 917 Aug.
538 858 613 900 sacr.
643 841 674 901 O.
704 841 800 900 Iulius
832 842 957 901 Macrini
984 841 1033 901 lib.

472 944 616 1003 Martialis
640 945 712 1002 111111
734 944 779 1003 vir
801 963 838 1003 m.
862 946 930 1003 M..
974 988 981 1003 .
1025 987 1032 1002 .
1076 945 1129 1023 111,
1153 947 1234 1004 1769
1258 944 1413 1004 Naronae.

403 1047 499 1121 Quem
522 1046 657 1123 Augusto
679 1048 748 1107 vivo
770 1049 899 1124 positum
916 1065 990 1124 esse,
1013 1048 1186 1123 praesertim
1202 1065 1269 1106 cum
1285 1062 1441 1122 compara

318 1151 397 1208 veris
421 1150 472 1228 111,
497 1153 578 1210 1770
601 1168 662 1208 uua
684 1154 834 1227 repertum
858 1149 945 1223 (Divo
969 1151 1049 1224 Aua.
1072 1165 1155 1209 soor.
1181 1195 1187 1208 .
1213 1148 1233 1222 .)
1257 1167 1317 1209 non
1340 1149 1442 1210 miuus

322 1245 507 1330 concedes.¹)
551 1253 675 1312 Accedit
697 1257 846 1330 tamquam
870 1255 1015 1313 tertium
1039 1253 1302 1336 documentumx
1315 1251 1443 1313 illustris

319 1351 721 1432 illaa1aNarboncnsis2),
752 1358 836 1416 cuius
858 1357 1082 1433 inscriptionem
1115 1356 1153 1415 ad
1182 1356 1314 1416 sevirum
1338 1348 1441 1432 Augu·

319 1459 436 1518 statium
453 1459 667 1518 institutionem
691 1462 836 1536 spectare,
857 1464 891 1520 ut
906 1460 1091 1536 antiquiores
1111 1460 1251 1535 omittam,
1273 1457 1442 1535 Herzogius

319 1561 533 1637 Marquardtus
556 1560 711 1639 dixerunt,
741 1562 879 1638 Eggerus
902 1558 1090 1638 Zumptinsii
1121 1562 1283 1621 Hennenus
1311 1578 1441 1637 negave-

318 1668 397 1723 runt.
441 1664 499 1724 Sed
527 1682 604 1740 qnae
627 1664 664 1722 ad
687 1682 770 1723 suam
794 1665 972 1724 senteutiam
994 1664 1137 1724 tuendam
1160 1664 1316 1740 Zumptius
1340 1663 1440 1741 impri-

318 1768 372 1825 mis
394 1767 503 1843 attulit,
526 1767 636 1826 nullius
658 1772 729 1827 sunt
751 1765 926 1842 momenti4)
971 1767 1060 1842 Quod
1076 1758 1153 1826 enim
1170 1766 1243 1825 dicit
1257 1766 1440 1842 Augustales

318 1870 355 1929 ab
378 1869 481 1928 ordine
504 1870 612 1948 iactos,
641 1873 747 1929 contra
776 1871 854 1930 hauc
883 1889 965 1929 aram
994 1889 1012 1928 a
1042 1870 1131 1947 plebe
1152 1870 1345 1930 Narbonensi
1373 1870 1438 1930 siue

318 1972 529 2031 decurionibus
552 1973 719 2031 dedicatum
743 1991 817 2051 esse,
839 1974 1012 2050 quicunque
1027 1973 1107 2032 norit
1122 1971 1351 2050 municipiorum
1368 1990 1440 2049 qna·

317 2076 449 2134 listune
479 2080 543 2134 erat
565 2078 673 2134 statum
696 2078 726 2135 et
748 2077 843 2152 ipsam
873 2076 962 2134 huius
985 2075 1182 2135 dedicationis
1205 2093 1340 2135 caussam
1363 2075 1441 2135 bene

317 2178 509 2254 reputaverit,
532 2179 559 2237 ei
581 2196 759 2254 persuasum
782 2180 848 2256 erit,
870 2180 1005 2254 quamvis
1029 2178 1072 2238 uti
1095 2177 1292 2237 dedicationis
1316 2194 1440 2238 consors

320 2280 393 2340 ordo
415 2282 445 2339 iu
467 2282 638 2341 titulo'nou
662 2286 926 2359 commemoretur,
955 2288 1054 2341 tamen
1077 2299 1114 2341 ue
1144 2284 1207 2341 sani
1232 2280 1351 2357 quidem
1375 2281 1440 2340 sinc

319 2386 382 2444 eius
404 2376 582 2444 auctoritate
605 2384 715 2444 factam
738 2402 812 2444 osse.
857 2386 985 2444 Maxime
1013 2402 1085 2444 vero
1116 2401 1169 2443 sex
1202 2383 1246 2442 iili
1268 2374 1441 2443 sacerdotes

318 2516 360 2526 -
383 2492 413 2551 st
434 2487 482 2547 hio
505 2489 548 2546 rei
576 2487 666 2547 cardo
690 2492 797 2547 est-
822 2490 878 2548 etsi
909 2507 926 2546 a
959 2504 1019 2565 quo
1048 2487 1107 2546 sint
1143 2486 1214 2545 facti
1246 2489 1351 2561 aperte
1380 2502 1442 2546 non

319 2590 436 2667 dicitur,
457 2593 556 2648 tamen
579 2590 629 2649 vix
652 2591 689 2649 ab
711 2591 774 2650 ullo
796 2593 961 2668 potnerunt
989 2589 1052 2649 fieri
1077 2589 1132 2648 nisi
1157 2589 1195 2648 ab
1218 2588 1333 2666 ordine,
1354 2606 1441 2664 prae·

319 2693 418 2752 sertim
442 2711 508 2751 cnm
532 2692 602 2752 inde
624 2693 661 2751 ab
685 2694 788 2771 initio,
820 2698 853 2753 ut
887 2694 938 2770 qui
968 2694 1200 2770 inperpetuum
1224 2692 1364 2769 duraret,
1392 2691 1442 2751 bio

318 2797 464 2855 seviratus
487 2811 607 2854 aunuus
630 2797 844 2881 institueretur.
887 2798 993 2873 Itaque
1015 2815 1076 2855 nou
1092 2812 1169 2870 opus
1185 2797 1230 2854 est
1245 2793 1440 2854 excusatione

320 2896 541 2975 Marquardti⁶i
565 2900 700 2975 quamvis
723 2916 778 2976 per
799 2916 832 2958 se
854 2898 1090 2975 haudquaquam
1121 2895 1358 2975 contemnanda,
1387 2895 1441 2973 qui

319 3001 478 3061 creationis
499 3002 644 3061 rationem
667 3003 820 3078 aliquanto
843 3005 1002 3079 postquam
1018 3002 1197 3061 exstiterunt
1215 3000 1306 3060 sevi'ri
1321 2999 1440 3060 demum

318 3104 355 3163 ad
379 3104 513 3181 regulam
536 3108 707 3164 revocatam
731 3123 796 3164 esse
818 3108 911 3181 putat.

405 3206 519 3265 Deinde
541 3208 695 3284 Zumptins
727 3208 814 3265 affert
836 3225 997 3283 numquam
1027 3225 1091 3265 eam
1115 3204 1326 3282 Augustalium
1349 3204 1437 3264 ratio·

319 3309 517 3385 neminisse,
549 3312 583 3369 ut
612 3311 777 3386 aequaliter
809 3313 911 3370 esseut
939 3310 1062 3385 ingenui
1094 3313 1124 3368 et
1153 3308 1294 3367 libertini.
1339 3307 1379 3366 At
1407 3305 1440 3365 id

319 3411 390 3470 mihi
412 3411 513 3487 paullo
536 3412 678 3471 audacius
707 3413 763 3471 iste
784 3412 904 3472 videtur
936 3412 1108 3471 affirmasse.
1151 3412 1229 3471 Nam
1260 3427 1327 3469 oum
1353 3408 1440 3505 vorbi

320 3532 426 3573 caussa
454 3515 532 3574 iuter
554 3514 803 3574 Mediolanienses
836 3516 966 3574 sevirum
997 3515 1101 3574 titulos
1133 3512 1196 3572 iere
1226 3510 1349 3573 totidem
1380 3513 1441 3572 siut

318 3618 516 3692 ingenuorum
539 3621 614 3694 quot
635 3617 862 3693 libertinorum,
899 3617 1003 3693 quidni
1036 3617 1124 3675 liceat
1152 3617 1284 3675 statuere
1316 3612 1355 3673 ibi
1387 3613 1440 3672 aii·

319 3719 461 3795 quamdiu
484 3721 598 3780 seviros
620 3737 737 3779 annuos
768 3739 805 3779 ex
828 3724 957 3796 utroque
988 3719 1093 3778 ordine
1115 3718 1283 3794 aequaliter
1304 3721 1440 3793 sumptos

319 3823 407 3881 esse?
434 3823 479 3881 Ac
500 3822 589 3882 facile
611 3822 674 3882 fieri
698 3823 804 3900 potuit,
827 3827 859 3881 ut
881 3823 971 3881 huius
992 3821 1074 3880 urbis
1098 3819 1266 3897 exemplum
1289 3819 1338 3878 vei
1360 3817 1438 3879 alius

320 3924 486 3998 cuiusdam,
508 3926 537 3985 iu
562 3944 621 4002 qua
644 3929 715 3984 tuno
737 3926 813 3984 idem
838 3928 917 3984 esset
939 3926 1069 3984 sevirum
1092 3926 1202 4000 status,
1226 3922 1440 3982 Narbonenses

319 4027 348 4084 in
372 4028 502 4088 seviratu
535 4028 717 4088 instituendo
747 4028 943 4087 imitarentur.
995 4027 1035 4086 At
1064 4044 1135 4085 sane
1167 4025 1268 4102 paullo
1300 4029 1369 4101 post
1397 4025 1440 4085 ita

406 4279 414 4310 ¹
443 4276 547 4329 Eadem
567 4280 611 4329 est
628 4274 790 4329 Mommseni
808 4275 947 4329 sententia
965 4273 1000 4327 ad
1018 4273 1043 4326 h.
1063 4279 1083 4327 t.

404 4363 415 4394 ²
444 4361 524 4414 Hera.
542 4377 569 4413 n.
591 4363 600 4410 l
621 4383 656 4406 =
674 4360 757 4414 Wilm
779 4364 835 4414 sos.
1039 4362 1062 4426 ³)
1079 4377 1105 4428 p.
1128 4362 1165 4412 12.

404 4449 426 4513 ⁴)
444 4443 478 4500 cf.
497 4446 663 4515 Marquardt.
681 4463 710 4515 p.
728 4449 785 4499 tot.
1042 4447 1064 4510 ³)
1082 4444 1149 4499 ibid.
